3068 4718
979 324 1102 367 AD
1197 308 1823 370 LEcToRssM.

345 421 540 489 stabat.
580 418 694 484 Sed
707 440 838 484 cum
853 424 912 483 in
927 418 1020 489 ills
1043 424 1316 509 temporis
1337 423 1592 513 angustia
1618 425 1818 490 eadem
1830 420 1904 487 ab
1930 419 2233 509 opificibus
2256 418 2452 510 perfici

348 538 467 578 non
484 511 735 601 possent,
768 529 833 576 ut
858 536 1010 580 meas
1030 537 1255 579 mecum
1280 514 1657 580 Ratisbonam
1684 514 1894 580 delatas
1916 511 2230 592 machinas,
2268 512 2453 578 soluto

348 607 536 693 pretio
551 608 676 669 Suae
693 605 965 671 Eminent
989 634 1002 670 :
1039 605 1411 670 concederem
1429 655 1450 686 ‚
1472 608 1827 695 impetravit,
1852 628 1991 694 quas
2003 607 2175 669 etiam
2199 609 2258 669 in
2272 628 2454 670 arcem

349 692 830 784 Herbipolensem
846 698 1247 765 transferendas
1258 701 1486 763 curavit.

441 787 562 854 Ubi
593 788 772 853 Adm.
811 791 970 852 R.R.
1001 793 1064 853 P.
1099 793 1160 854 P.
1190 791 1481 855 societatis
1508 788 1640 882 Jesu
1664 813 1727 853 ac
1756 786 2090 855 Professores
2118 785 2283 851 Publ.
2311 790 2456 850 Aca-

345 879 544 943 demiae
565 878 984 968 Herbipolensis
996 880 1189 968 saepius
1202 930 1219 962 ,
1240 882 1448 946 eodem
1464 880 1920 947 Eminentiffimo
1936 875 2198 946 Ele&ore
2223 876 2455 966 praesen-

345 989 404 1034 te
423 1021 441 1050 ,
491 973 898 1058 Experimenta
924 971 1045 1035 haec
1071 996 1194 1038 mea
1226 975 1642 1038 examinarumt
1666 1019 1685 1052 ,
1720 972 1932 1061 scriptis
1953 973 2293 1036 mandarunt
2313 1016 2330 1046 ,
2355 969 2456 1033 Vi-

344 1062 530 1151 risque
545 1061 774 1127 literatis
806 1065 1014 1127 Romae
1029 1067 1090 1130 8(
1112 1061 1247 1129 alibi
1275 1067 1770 1130 communicarunt
1784 1113 1803 1144 ,
1834 1067 1897 1131 8(
1911 1084 2110 1126 eorum
2127 1060 2286 1125 simul
2309 1057 2457 1142 judi-

342 1155 428 1219 cia
441 1151 878 1240 exquisiverunt.
928 1157 1281 1244 Cumprimis
1306 1175 1499 1223 autem
1523 1182 1597 1221 ex
1623 1178 1823 1220 eorum
1836 1150 2109 1244 Collegio
2137 1153 2212 1238 R
2233 1153 2299 1216 P.
2327 1150 2459 1234 Gas»

338 1262 487 1329 parus
498 1245 723 1309 Schottus
747 1245 964 1334 ejusdem
991 1249 1268 1312 Academiae
1296 1249 1577 1334 Mathefitos
1602 1244 1887 1334 Profeffiir,
1910 1268 2011 1333 per
2023 1245 2208 1310 literas
2231 1264 2460 1306 mecum

344 1336 452 1399 hac
464 1336 538 1401 de
560 1360 620 1400 re
643 1335 922 1419 conferre,
934 1341 995 1405 8(
1009 1338 1125 1402 hoc
1139 1338 1230 1403 vel
1242 1339 1385 1405 illud
1399 1343 1473 1406 ad
1484 1338 1777 1405 meliorem
1791 1339 2252 1405 informationem
2263 1334 2463 1420 exqui-

344 1450 465 1492 rere
475 1431 657 1517 coepit
675 1457 695 1509 3
722 1431 799 1494 ita
809 1448 874 1494 ut
884 1431 1115 1495 tandem
1143 1430 1244 1496 suo
1256 1428 1406 1497 libro
1425 1433 1488 1496 de
1502 1438 1642 1501 Arte
1669 1435 1754 1497 M
1745 1431 1967 1495 echanica
1995 1433 2076 1495 H
2074 1428 2462 1512 ydraulicopneuae

345 1523 525 1582 marica
549 1527 652 1588 A0.
673 1523 833 1610 1657
861 1523 1183 1611 conscripto
1197 1570 1214 1602 ‚
1228 1526 1346 1590 haec
1358 1528 1539 1592 Nova
1550 1526 1960 1612 Experimenta
1983 1519 2313 1609 appendicis
2331 1515 2465 1579 loco

344 1610 628 1677 addiderit
641 1660 658 1692 ,
682 1616 744 1678 8(
767 1615 1164 1704 Magdeburgica
1177 1620 1462 1683 vocaverit
1479 1635 1681 1705 ‚atque
1695 1617 1845 1704 typis
1865 1612 2237 1703 divulgaverit
2252 1659 2270 1692 ‚
2291 1610 2376 1675 uti
2400 1610 2461 1670 in

346 1701 451 1766 isto
472 1701 621 1769 libro
636 1703 892 1791 pluribus
907 1708 1099 1772 videre
1112 1707 1210 1773 est.

440 1794 746 1885 Postquam
781 1822 920 1862 vero
949 1801 1361 1884 Experimenta
1385 1799 1504 1864 haec
1539 1795 1782 1888 publicae
1804 1795 1917 1862 luci
1943 1795 2173 1861 fuerunt
2193 1791 2469 1881 exposita,

350 1890 413 1952 8(
443 1886 586 1961 illis,
613 1886 732 1971 jam
745 1890 1116 1976 pridemame
1141 1893 1387 1955 inventis
1401 1942 1422 1972 ‚
1448 1890 1552 1956 alia
1567 1889 1728 1976 plura
1757 1890 1979 1960 addita,
2012 1910 2194 1971 eaque
2227 1886 2468 1951 denuoa

347 1977 586 2044 laudato
609 1981 726 2066 jam
752 1982 816 2044 P.
843 1981 1042 2044 Schotto
1074 1988 1124 2044 in
1156 1977 1399 2044 Technica
1420 1979 1603 2065 curiosa
1628 1981 1744 2043 libro
1758 1986 1805 2043 Ῑ.
1835 1980 1893 2040 de
1921 1983 1993 2039 M
1997 1977 2237 2040 irabilibus
2254 1977 2471 2062 Magdea

349 2069 554 2157 burgicis
581 2079 725 2134 Anno
748 2093 769 2131 1
784 2072 910 2156 664
941 2119 961 2147 ,
990 2088 1138 2156 atque
1158 2075 1234 2132 ita
1253 2069 1351 2134 und
1369 2094 1476 2135 cum
1510 2075 1750 2157 Antiquis
1775 2071 2140 2153 Experimentis
2162 2066 2471 2154 Magdebur-

337 2165 463 2250 gicis
485 2207 503 2239 ‚
528 2165 675 2223 etiam
695 2160 866 2225 Nova
893 2164 1251 2245 Experimenta
1277 2162 1665 2253 Magdeburgica
1691 2161 1823 2226 edita
1834 2160 2047 2250 ficerunt
2072 2185 2087 2223 .·
2116 2160 2323 2244 reperti
2347 2156 2474 2221 sunt

351 2273 590 2340 quoque
600 2250 692 2317 alii
706 2251 893 2340 plures
909 2302 927 2333 ,
949 2255 1048 2341 qui
1078 2254 1151 2319 de
1176 2255 1389 2321 eodem
1418 2256 1534 2320 hoc
1556 2278 1738 2344 opere
1750 2251 2097 2340 scripserunt.
2142 2255 2221 2315 Et
2234 2249 2473 2339 quidem

347 2344 629 2408 machinas
659 2344 817 2425 istas,
847 2346 909 2409 8(
941 2347 1040 2434 qui
1066 2346 1142 2411 ab
1162 2343 1277 2411 istis
1301 2350 1712 2436 promanarunt
1730 2345 1962 2411 effe&us
1989 2392 2007 2423 ‚
2051 2341 2476 2433 propemodum

347 2459 566 2516 omnes,
576 2436 784 2524 quibus
799 2440 1201 2519 innotuerunt,
1234 2442 1296 2504 in
1323 2439 1661 2530 singularem
1691 2439 2123 2504 admirationem
2149 2451 2472 2524 rapuerunt.

350 2532 509 2594 Sicut
531 2530 592 2592 id
619 2528 801 2616 ipsum
821 2578 840 2609 ,
859 2553 981 2594 non
1008 2529 1186 2595 solum
1210 2534 1271 2594 in
1300 2535 1590 2597 Prooemio
1617 2533 1846 2597 Techn.
1891 2534 2032 2594 Cur.
2060 2552 2191 2619 pag.
2208 2552 2260 2616 3.
2294 2526 2475 2592 dietus

350 2623 476 2684 Dn.
497 2622 843 2684 P.Schottus
869 2620 1129 2696 testatur,
1155 2625 1295 2688 dum
1325 2623 1511 2688 scribit
1540 2649 1554 2684 ε
1599 2624 1775 2689 Fateri
1798 2623 1996 2709 ingenue
2016 2623 2342 2707 audaHerque
2362 2636 2477 2702 pro-

352 2716 580 2775 nunciare
604 2735 697 2774 non
722 2711 887 2775 dubito
911 2762 930 2792 ,
961 2713 1083 2777 nihil
1098 2738 1172 2777 me
1199 2739 1409 2802 unquam
1434 2716 1484 2778 in
1506 2739 1557 2777 eo
1569 2738 1750 2803 genere
1764 2764 1784 2794 ‚
1814 2711 2075 2776 mirabilius
2089 2731 2177 2774 aut
2193 2709 2362 2797 vidiffie
2386 2728 2476 2772 aut

352 2803 471 2866 audi
478 2802 594 2888 viffi
619 2852 637 2883 ,
687 2804 914 2898 legiffive
936 2852 953 2883 ,
980 2821 1069 2867 aut
1096 2824 1253 2870 mente
1275 2805 1531 2891 concepiffi’
1561 2831 1577 2867 .·
1603 2830 1687 2869 nec
1703 2825 1823 2890 puto
1834 2804 2018 2887 fimilia
2036 2827 2245 2890 unquam
2267 2850 2284 2880 ‚
2309 2801 2480 2865 nedum

352 2896 643 2959 mirabiliora
666 2941 683 2970 ,
709 2897 743 2956 a*
768 2898 956 2960 condito
980 2898 1092 2960 orbe
1120 2901 1278 2962 Solem
1308 2897 1561 2985 illustraffe
1595 2922 1611 2960 .·
1659 2897 1892 2983 Idemque
1915 2895 1983 2982 est
2009 2917 2292 2981 magnorum
2335 2894 2481 2956 Prin⁴

350 2992 531 3072 cipum,
564 2985 875 3074 Virorumque
891 2988 1267 3077 dosiisstmorum
1281 3039 1300 3071 ,
1321 2989 1488 3080 quibus
1498 3015 1555 3053 ea
1576 2992 1943 3061 communicavi,
1950 2985 2191 3073 judicium
2206 2987 2318 3050 &c.
2364 2983 2480 3048 Sed

352 3078 583 3144 abunde
598 3081 768 3143 etiam
795 3079 1045 3147 fatentur
1061 3129 1079 3161 ‚
1099 3101 1388 3171 quotquot
1401 3083 1681 3149 hincinde
1694 3081 1799 3146 hac
1811 3081 1884 3144 de
1897 3100 1958 3142 re
1983 3079 2317 3164 prodierunt
2332 3078 2480 3141 Tra-

354 3170 544 3236 &atus

447 3266 728 3338 Qamvis
757 3263 894 3327 vero
919 3285 1210 3355 nunquam
1237 3293 1304 3333 ea
1326 3268 1467 3332 mihi
1490 3265 1661 3331 fuerit
1676 3264 1947 3329 sente'ntia
1973 3311 1991 3343 ,
2018 3281 2082 3327 ut
2109 3260 2191 3324 his
2219 3259 2293 3324 de
2310 3257 2477 3323 rebus

358 3356 675 3442 quidquam
708 3358 854 3442 typis
878 3362 1233 3425 committere
1261 3357 1541 3424 voluerim
1557 3407 1575 3438 ‚
1595 3378 1789 3422 tamen
1817 3354 1909 3420 illa
1931 3354 2245 3421 admodum
2271 3350 2484 3416 diversa

355 3449 434 3513 de
467 3452 525 3512 V
539 3473 572 3509 A
589 3469 622 3509 c
638 3468 675 3508 υ
693 3469 733 3508 o
767 3447 982 3534 judicia
998 3501 1018 3531 ‚
1046 3448 1164 3517 aliis
1191 3452 1528 3519 sententiam
1547 3447 1704 3515 illam
1735 3446 2215 3539 approbantibuS,
2235 3441 2352 3509 aliis
2375 3446 2484 3507 im-

356 3537 750 3631 pugnantibus
772 3583 792 3611 ,
834 3541 909 3604 ita
939 3561 1002 3607 ut
1026 3562 1112 3609 tot
1143 3543 1539 3635 discrepantias
1567 3594 1587 3625 ,
1633 3546 1695 3608 8(
1715 3542 1858 3631 saepe
1881 3539 2161 3605 mirabiles
2181 3538 2483 3602 hominum

358 3649 701 3720 conceptus,
724 3655 901 3696 nemo
921 3632 1041 3699 satis
1065 3639 1244 3703 mirari
1273 3656 1478 3726 queat,
1507 3662 1602 3703 me
1624 3635 1856 3701 tandem
1879 3631 2225 3721 impulerunt
2241 3675 2258 3707 ,
2286 3646 2380 3707 ut,
2405 3628 2481 3691 ad

358 3723 722 3790 declinandas
747 3722 1025 3807 ejusmodi
1047 3734 1343 3796 contrarias
1367 3749 1539 3819 atque
1563 3728 1801 3794 diversas
1824 3728 2127 3816 opiniones
2155 3772 2173 3804 ,
2202 3719 2482 3807 simulque

356 3819 416 3881 in
434 3820 673 3907 gratiam
687 3840 920 3893 eorum,
951 3821 1051 3907 qui
1076 3828 1463 3911 experimenta
1479 3824 1597 3888 haec
1625 3820 1794 3887 valde
1825 3817 2277 3885 desideraverunt
2293 3863 2310 3893 ‚
2334 3815 2483 3876 inte-

360 3933 528 3998 grum
542 3909 873 3975 Tradiatum
888 3911 963 3976 de
992 3916 1028 3977 S
1047 3935 1074 3972 ι»
1090 3939 1126 3976 A
1145 3937 1181 3976 r
1196 3940 1216 3978 1
1232 3941 1271 3978 o
1306 3921 1362 3981 V
1375 3943 1410 3979 A
1427 3941 1460 3980 c
1472 3940 1512 3981 u
1526 3941 1566 3980 o
1581 3963 1599 3995 ,
1626 3918 1689 3981 8(
1705 3913 1844 4003 quid
1862 3910 2151 3977 commodi
2169 3903 2200 3971 a
2216 3905 2483 3996 penitiori

359 4001 485 4085 ejus
501 4005 838 4092 cognitione
849 4006 909 4069 in
924 4029 1111 4070 rerum
1139 4007 1472 4075 naturalium
1500 4008 1740 4073 scientiis
1762 4004 2114 4093 dependeat,
2149 4000 2483 4087 susciperem

360 4092 668 4159 edendum.
720 4101 917 4174 Qem
929 4101 1101 4164 etiam
1119 4099 1212 4163 die
1235 4124 1310 4189 14
1322 4104 1519 4168 Martii
1531 4109 1713 4167 Anno
1733 4124 1753 4164 ι
1770 4101 1891 4187 663
1914 4097 1985 4161 ad
2003 4096 2180 4160 finem
2195 4090 2439 4181 perduxi
2455 4116 2478 4168 3

359 4207 479 4248 non
493 4203 685 4253 autem
717 4192 889 4257 varias
911 4186 1032 4256 illas
1046 4241 1063 4272 ,
1087 4209 1264 4278 atque
1289 4198 1623 4286 incongruas
1648 4195 1952 4283 opiniones
1972 4185 2107 4275 (nisi
2129 4185 2278 4250 forte
2293 4181 2484 4269 paucis

356 4277 418 4341 in
431 4300 554 4367 cap.
579 4298 653 4368 35
673 4285 735 4349 &
752 4285 832 4371 36
864 4281 960 4354 lib.
980 4289 1101 4352 111.
1124 4284 1226 4348 ubi
1245 4307 1573 4354 communes
1597 4284 1790 4416 salpe?
1806 4332 1823 4363 ‚
1846 4280 2083 4348 simul&
2104 4274 2485 4379 quorundarps

1816 4401 1851 4440 2
2352 4439 2369 4454 θ
2418 4387 2480 4428 ιη
