3068 4718
543 214 642 260 152

1164 190 1505 242 L1nitit
1582 186 2140 255 QUINTUS,

290 304 459 344 smmu-
536 287 592 345 lo
625 309 760 352 1720
793 285 1028 342 milliaria
1051 327 1064 346 ,
1116 288 1166 339 Sc
1196 280 1582 338 semidiameter
1635 275 1823 335 vicibus
1837 278 2197 349 major3bocell
2213 273 2500 334 dicerezsub
2521 279 2684 338 Terra

291 368 397 395 meter
408 354 509 393 haber

291 409 313 445 8
320 411 368 445 60
384 407 514 445 Miltia·

289 462 345 495 ria
370 464 513 496 Garma-

293 511 380 548 nica.

283 761 477 812 Superficies

291 812 432 852 Telluris
443 827 455 850 .-

339 1381 379 1408 m
390 1368 437 1414 ό·

277 1784 406 1830 Corpus
420 1789 471 1816 to-

276 1833 349 1869 tius
362 1836 476 1872 Terra.

270 2494 456 2550 ,Quomodo

275 2554 456 2598 Capacum

270 2599 412 2637 Telluri«

269 2653 406 2687 interna

267 2699 472 2747 consideran-

269 2754 326 2790 da.

546 369 644 418 860
659 360 1024 432 milliaria-Qi
1037 357 1199 412 nescit
1213 355 1432 411 modum
1445 373 1591 410 men-

538 433 746 491 surandi
768 476 782 497 ,
821 434 971 489 adeat
992 430 1151 487 libros
1175 427 1582 504 geographicos,

1632 351 1809 407 nostra
1832 394 1845 414 ,
1880 347 2086 427 possent
2110 353 2310 406 centies
2334 354 2386 405 &
2399 352 2682 430 quadrage-

1629 423 1724 482 sies
1735 441 1813 481 ter
1825 425 1999 500 plures
2012 422 2115 480 effe
2129 424 2397 499 Regiones
2410 467 2422 486 ,
2439 429 2677 493 Montes,

538 513 591 563 &
618 516 752 564 inter
785 506 904 563 illos
939 523 1152 580 quoque
1186 501 1576 576 Geographiam
1629 501 1824 562 Maria,
1848 500 2082 554 Flumina
2105 502 2198 554 &c.
2228 499 2373 568 (cum
2395 497 2674 559 altitudine

534 584 668 635 Dobl.
687 578 959 636 Bernhardi
972 581 1189 637 Varenii,
1203 581 1435 633 inveniet
1458 593 1570 649 pag.
1629 572 1788 636 Coeli,
1814 572 1903 628 seu
1915 571 2293 702 superexpanso
2307 571 2473 648 spatio
2486 576 2641 632 a'e‘reo
2657 621 2672 640 ,

527 675 614 723 42.
628 654 772 731 quod
787 650 1038 710 defiderat
1055 692 1068 712 ,
1089 647 1257 705 modo
1272 649 1417 724 quod
1430 668 1574 705 error
1627 644 1851 704 duorum
1878 644 1969 701 mil

526 728 588 784 fit
600 730 778 785 calculi
791 768 805 789 ,
820 731 873 780 in
887 723 1161 780 Soliditate
1172 723 1413 779 Telluris.
1431 724 1570 778 Cum

527 810 702 877 itaque
713 797 1129 857 circumferentia
1151 796 1310 868 hujus
1332 796 1495 852 Orbis
1509 794 1571 852 sit

534 896 664 940 5400
681 873 891 929 milliar:
914 889 1126 947 german
1148 896 1160 925 ι
1187 874 1239 925 &
1261 870 1372 926 haec
1397 869 1569 925 multi-

526 949 781 1023 plicentur
806 966 923 1002 cum
950 944 1231 1006 diametro,
1256 948 1569 1020 provenient

2011 650 2173 701 arium
2210 651 2668 721 germanicorum)

1623 721 1782 794 quam
1805 721 1922 777 sunt
1932 719 2084 795 super
2095 719 2271 775 Terra.

1695 796 1837 868 Qis
1869 797 2110 850 omnium
2147 792 2447 849 mortalium
2470 813 2669 871 cogno-

1620 862 1712 921 scit
1740 867 1846 923 hoc
1875 874 2062 944 ingens
2099 865 2430 922 Subterranei
2469 871 2668 927 Mundi

1618 937 1652 992 s
1677 945 1838 997 atium
1865 984 1879 1005 ,
1917 948 1970 997 &
1992 940 2162 999 multo
2190 948 2366 995 minus
2393 939 2667 1000 abstrusam

529 1045 556 1089 9
576 1029 672 1075 288
694 1041 815 1082 000,
843 1010 1471 1093 totTellusinsuperficie
1482 1017 1570 1079 sua
1618 1017 1635 1068 i
1672 1020 1690 1070 i
1723 1015 1996 1071 latentium
2017 1034 2187 1071 retum
2202 1013 2668 1074 constitutionem?

526 1093 813 1151 continebit
837 1092 1074 1149 milliaria
1095 1090 1344 1168 quadrata
1367 1109 1566 1167 germa·
1617 1104 1733 1162 quae
1758 1094 1897 1144 enim
1920 1089 2090 1145 sensus
2116 1088 2279 1145 nostri
2305 1107 2418 1144 non
2440 1098 2665 1167 percipi·
2689 1113 2795 1151 zm„
2807 1126 2873 1155 m

525 1177 674 1233 nica3
699 1187 813 1244 quae
836 1167 908 1223 est
930 1185 1047 1224 tota
1059 1166 1367 1242 magnitudo
1390 1165 1566 1240 super·

527 1242 707 1298 ficialis
727 1246 967 1298 omnium
992 1241 1302 1315 Regnorum
1318 1282 1334 1305 ,
1366 1239 1564 1314 Regio-

523 1334 679 1380 num,
704 1318 1117 1376 Provinciarum,
1142 1317 1414 1369 Montium
1435 1311 1565 1375 ,Flu-

522 1394 721 1443 minum
737 1429 750 1448 ,
782 1396 1047 1461 Aquarum
1061 1428 1074 1448 ,
1098 1390 1327 1442 Marium
1340 1428 1353 1450 ,
1378 1385 1564 1443 Insula-

523 1479 638 1515 rum
665 1503 678 1522 ,
718 1460 826 1514 tam
852 1458 1209 1516 habitabilium
1234 1459 1392 1534 quam
1417 1460 1564 1515 inha-

523 1532 810 1590 bitabilium
830 1574 844 1596 ,
879 1534 1034 1589 nobis
1055 1537 1387 1607 cognitorum
1414 1537 1466 1588 ὃς
1485 1539 1563 1589 in-

524 1613 852 1683 cognitorum
870 1647 884 1670 ,
913 1627 1028 1683 quae
1045 1607 1072 1661 s
1069 1623 1164 1662 unt
1184 1611 1236 1662 in
1248 1621 1365 1662 toto
1382 1606 1561 1662 Tellu-

516 1687 584 1737 ris
608 1681 772 1737 Orbe.

590 1754 801 1811 Deinde
841 1753 1053 1830 quando
1078 1754 1187 1810 haec
1211 1769 1322 1810 tota
1348 1754 1562 1831 superfi-

517 1834 622 1884 cies
642 1830 816 1885 Terrae
832 1834 1020 1884 iterum
1038 1826 1415 1902 multiplicatur
1439 1847 1560 1885 cum

516 1901 656 1958 sexta
681 1919 826 1977 parte
850 1902 1112 1963 diametri,
1142 1908 1322 1958 evenit
1358 1909 1562 1960 interna

518 1995 578 2031 ca
617 1984 774 2032 acitas
797 1981 961 2032 totius
988 1974 1236 2038 Telluris,
1263 1977 1557 2033 milliarium

519 1996 819 2105 cubicorum
836 2070 864 2102 2
879 2061 977 2104 661
998 2068 1099 2116 940
1114 2054 1238 2112 8003
1274 2050 1421 2124 quod
1443 2067 1556 2106 tan-

518 2137 571 2177 ta
581 2122 701 2178 sane
720 2120 1028 2196 magnitudo
1042 2120 1118 2176 est
1137 2163 1150 2182 ,
1170 2141 1286 2196 quae
1310 2127 1551 2179 omnium

518 2195 799 2252 hominum
823 2198 1184 2270 imaginationi
1209 2199 1551 2270 &conceptui

513 2269 589 2326 est
613 2265 1141 2342 incomprehensibilis
1167 2310 1181 2329 ,
1215 2273 1267 2323 &
1304 2288 1424 2324 cum
1452 2289 1553 2344 qua

514 2342 652 2399 dieta
698 2341 996 2415 superficies
1029 2339 1172 2396 nullo
1210 2341 1377 2397 modo
1408 2360 1549 2396 com-

511 2414 755 2489 paranda.

585 2487 722 2542 Nam
734 2485 771 2540 fi
787 2485 921 2540 hanc
935 2489 1192 2541 internam
1208 2493 1549 2559 capacitatem

513 2560 859 2618 divideremus
885 2576 977 2633 per
1001 2557 1137 2615 dista
1171 2558 1405 2616 milliaria
1427 2580 1550 2637 qua»

513 2636 657 2689 drata
682 2677 696 2698 ,
728 2630 1019 2689 secundum
1045 2631 1143 2687 scil.
1207 2634 1547 2710 Superficiem

509 2709 812 2782 Regionum
834 2749 847 2767 ‚
885 2705 1197 2780 Regnorum
1225 2748 1238 2769 ,
1287 2710 1544 2770 Marium,

512 2787 609 2835 διο.
636 2799 694 2836 ac
719 2780 929 2836 cuilibet
964 2778 1167 2836 milliari
1191 2780 1373 2836 cubico
1398 2782 1549 2851 (loco

512 2853 902 2930 profunditatis,
915 2869 1012 2926 pro
1022 2851 1112 2909 suo
1125 2853 1263 2929 quast
1277 2854 1429 2910 Coelo
1442 2858 1464 2926 )
1476 2873 1550 2911 at-

432 2985 436 2987 ,
513 2927 854 2983 tribueremus
885 2925 1214 2982 altitudinem
1253 2935 1409 2985 unius
1443 2930 1552 2984 mil-

512 3001 650 3057 liaris
661 3005 953 3075 germanici,
967 2997 1092 3054 effet
1115 3006 1363 3075 capacitas
1383 3003 1551 3077 super-

1614 1177 1710 1216 unt
1736 1201 1751 1225 ,
1788 1181 1849 1218 ea
1880 1180 1990 1217 non
2029 1162 2458 1227 consideramus;
2505 1166 2664 1223 Unde
2686 1163 2876 1217 “fi”’ffl‘x

1613 1236 1935 1311 complures,
1960 1234 2087 1291 dum
2110 1256 2170 1292 ca
2207 1256 2290 1292 ere
2310 1256 2421 1293 non
2433 1236 2660 1313 possunt,
2681 1219 2902 1321 32⁴2?

1613 1309 1863 1385 quidnam
1885 1315 1942 1365 in
1964 1309 2110 1367 vasto
2122 1309 2177 1365 su
2215 1327 2451 1367 terraneo
2461 1313 2657 1373 recefl'u
2680 1319 2830 1364 manaa.

1615 1380 1876 1459 essepoffit
1893 1408 1906 1439 ε
1924 1383 2151 1441 Telluris
2159 1382 2377 1460 globum
2390 1404 2500 1441 non
2510 1388 2659 1448 secus

1612 1475 1671 1511 ac
1684 1476 1846 1514 unum
1861 1456 2082 1533 simplex
2094 1459 2271 1514 Terrae
2281 1458 2558 1534 coagulum
2571 1463 2660 1520 seu

1613 1531 1946 1607 compastum
1973 1530 2103 1609 quid
2126 1531 2420 1598 aestimant3
2467 1552 2528 1592 ut
2566 1535 2660 1594 fibi

1611 1603 1964 1679 persuadeant,
1985 1622 2169 1680 praeter
2180 1624 2388 1682 cryptas
2398 1608 2663 1683 quasdam,

1613 1675 1849 1740 fodinas,
1873 1695 2075 1734 meatus
2097 1684 2149 1734 &
2170 1680 2462 1755 speluncas,
2484 1684 2658 1760 super·

1615 1750 1749 1808 ficiei
1771 1759 2036 1828 proximas
2062 1793 2076 1813 ,
2110 1753 2206 1809 alia
2241 1758 2383 1812 intus
2405 1774 2514 1812 non
2531 1800 2544 1820 ,
2567 1757 2656 1816 sed

1611 1827 1923 1882 omnimoda
1934 1824 2192 1882 soliditate
2205 1868 2218 1889 ,
2242 1827 2375 1885 saxis
2395 1832 2653 1909 petrisque

1611 1897 1781 1956 forsan
1796 1943 1811 1966 ,
1841 1907 2023 1957 omnia
2044 1899 2146 1957 effe
2167 1899 2474 1978 constipata.
2514 1908 2656 1964 Cum

1610 1987 1788 2030 tamen
1815 1993 1977 2031 nemo
1998 1973 2321 2050 superficiem
2336 1977 2514 2035 saltem
2528 1981 2654 2038 Tel-

1607 2045 1733 2103 luris
1756 2046 1823 2102 ad
1845 2046 2192 2122 quadrantem
2209 2048 2441 2108 milliaris
2452 2071 2653 2127 germa-

1604 2124 1710 2175 nici
1724 2117 2016 2193 perfoderit
2028 2119 2112 2176 vel
2123 2120 2373 2196 ingressus
2384 2121 2447 2180 fit
2461 2148 2477 2190 ;
2496 2124 2650 2205 Qid

1603 2208 1777 2248 autem
1790 2192 2050 2269 quadrans
2073 2194 2299 2252 milliaris
2324 2196 2418 2260 est,
2449 2199 2518 2255 ad
2549 2209 2648 2257 860

1604 2265 1836 2323 milliaria
1847 2308 1860 2327 ,
1883 2266 1983 2323 scil·
1999 2266 2068 2322 ad
2079 2283 2319 2325 centrum
2331 2272 2507 2328 Terrae
2519 2280 2541 2330 ?
2779 2334 2789 2340 ,

1676 2339 1794 2392 Iino
1824 2338 1862 2393 fi
1894 2358 2005 2394 rem
2032 2347 2206 2398 verius
2234 2341 2649 2412 consideramus,
2670 2338 2884 2414 ²³''‘””⁸.·

1606 2429 1766 2466 nemo
1784 2431 2017 2488 unquam
2031 2411 2293 2470 dimidum
2307 2418 2646 2492 quadrantem
2669 2401 2872 2490 ὕπ’

1602 2491 1893 2558 penetravit
1908 2528 1921 2547 ,
1947 2484 1985 2540 fi
2005 2484 2069 2541 ab
2082 2484 2401 2546 horizontali
2425 2501 2648 2551 marium
2672 2502 2776 2538 αἱ*
2808 2515 2864 2541 er-

1601 2558 1683 2615 vel
1709 2576 1956 2634 aquarum
1979 2559 2247 2635 superficie
2258 2567 2469 2621 initium
2482 2566 2653 2626 suma·
2663 2550 2757 2602 ’ν’
2808 2579 2819 2591 ·

1605 2650 1722 2689 mus
1747 2655 1762 2696 ;
1788 2631 1927 2689 Nam
1950 2632 2288 2699 aurifodinae,
2312 2640 2647 2698 antra&aliae

1601 2705 1941 2763 subterraneae
1976 2724 2174 2783 cryptae
2201 2752 2216 2774 ‚
2263 2711 2465 2788 semper
2491 2720 2644 2787 juxta

1603 2797 1814 2835 montes
1848 2785 1900 2835 δε
1935 2781 2238 2840 altitudines
2277 2791 2644 2853 inveniuntur,

1600 2871 1698 2908 nec
1731 2851 1821 2908 sub
1858 2853 2199 2910 horizontem
2237 2857 2506 2930 profunde
2547 2862 2643 2922 du-

1599 2944 1786 2982 cuntur
1827 2950 1840 2978 :
1891 2927 1997 2983 Sed
2033 2934 2275 2984 maximae
2309 2931 2641 3006 profundita-
2687 2948 2695 2956 ⁴

1598 3018 1677 3057 tes
1702 3016 1829 3075 quas
1853 2998 2099 3058 homines
2119 3021 2391 3076 permeant
2413 3049 2426 3069 ,
2451 3008 2539 3064 seu
2574 3010 2641 3066 ad

515 3074 694 3130 ficialis
731 3080 959 3136 interna,
1010 3080 1109 3127 286
1136 3077 1333 3131 vicibus
1358 3083 1552 3145 major,
1600 3090 1727 3149 quas
1754 3071 2014 3131 fodiendo
2035 3082 2356 3149 perveniunt
2381 3123 2394 3143 ,
2429 3081 2545 3137 sunt
2567 3083 2643 3140 sa-

516 3165 671 3221 quam
688 3164 900 3202 externa
922 3146 995 3202 est
1017 3166 1135 3202 cum
1151 3150 1400 3206 omnibus
1413 3150 1550 3223 Reg-
1594 3145 1896 3208 lis-fodinae,
1923 3168 2038 3224 quae
2049 3148 2113 3206 ab
2126 3149 2447 3210 horizontali
2469 3155 2643 3234 super-

514 3226 622 3280 nis,
646 3220 978 3293 Regionibus
1001 3261 1014 3281 ,
1044 3223 1351 3284 Provinciis,
1389 3227 1549 3278 Mari·
1598 3220 1715 3274 ficie
1754 3225 1807 3275 in
1831 3221 2052 3278 Terram
2089 3221 2386 3291 fodiuntur,
2419 3248 2638 3304 quarum

514 3291 817 3352 bus‚lnsulis
831 3297 923 3346 διε.
965 3295 1073 3345 Vel:
1087 3292 1121 3346 s1
1138 3293 1349 3351 cuilibet
1361 3297 1549 3371 Regno
1592 3308 1769 3348 autem
1783 3293 2174 3367 profunditates
2188 3341 2201 3359 ,
2227 3300 2505 3358 dimidium
2524 3303 2632 3359 mil-

512 3366 661 3422 altius
698 3365 947 3421 vellemus
995 3366 1269 3421 attribuere
1321 3373 1519 3424 Caelum
1535 3411 1546 3430 ,
1595 3366 1727 3421 liaris
1749 3368 2087 3441 quadrantem
2101 3390 2207 3426 non
2223 3383 2499 3450 attingunt.

512 3436 714 3502 duobus
723 3436 1130 3492 scil-milliaribus
1142 3437 1228 3502 (ad
1240 3460 1392 3513 quam
1411 3462 1550 3497 nem-

511 3509 577 3586 pe
590 3510 1101 3572 altitudinemstiam
1114 3511 1294 3571 nubes,
1309 3533 1415 3568 non
1431 3534 1546 3588 per·
1595 3519 1826 3594 magnitu

1669 3440 1998 3570 Terraqueus
2020 3449 2195 3520 itaque
2223 3448 2424 3505 Globus
2439 3492 2452 3511 ,
2478 3465 2633 3506 tanta:

1866 3524 1966 3571 inis
1981 3535 2169 3593 corpus
2183 3519 2279 3584 est,
2307 3522 2453 3597 quod
2476 3527 2628 3576 mini-

514 3586 754 3664 tingunt)
779 3582 1119 3638 nihilominus
1140 3590 1339 3639 interna
1353 3595 1543 3661 capaci·
1564 3615 1570 3668 ἱ
1594 3604 1680 3639 me
1704 3586 1766 3641 ab
1791 3590 1895 3643 ullo
1921 3589 2151 3647 humano
2175 3594 2465 3656 intellestu,
2489 3613 2629 3649 com-

517 3673 592 3710 tas
631 3659 666 3709 ‘l
685 3660 856 3713 elluris
892 3700 903 3718 ,
946 3657 1157 3711 externa
1184 3675 1413 3713 maneret
1443 3681 1537 3729 143
1565 3682 1569 3689 ’
1593 3658 2043 3736 prehendipotest.

2336 4107 2503 4161 CAP.
2543 4111 2613 4160 11.
