3068 4718
884 260 985 315 ΒΕ
1021 262 1535 318 vntrunnus
1576 261 2034 324 ΜυΝυΑΝιε.
2408 297 2505 341 151

379 353 759 427 contingentibus
774 341 1002 409 divinare
1015 376 1104 410 non
1126 357 1424 427 erubescant,
1470 375 1597 415 cens
1624 385 1638 415 z
1675 366 1809 438 Qia
1828 379 2034 436 vapores
2059 365 2120 425 ξς
2133 367 2462 423 exhalationes
2483 378 2515 424 a

375 427 480 479 ciam
499 427 657 480 -multa
682 429 942 503 preesentia
964 434 1026 483 in,
1042 432 1173 496 astris
1199 436 1422 508 ignorent
1472 434 1623 486 Terra
1633 436 1808 508 sponte
1822 436 1907 503 seu
1920 441 2112 490 virtute
2124 440 2327 509 quadam
2346 445 2514 517 expul-

369 496 554 572 fidera,
583 502 729 562 &ita
742 505 865 557 coecis
887 502 1088 575 &salfis
1106 510 1419 581 luisprogno·
1470 509 1594 559 trice
1617 512 1906 561 emittuntur
1931 550 1943 569 ,
1955 511 2141 581 frustra
2151 518 2212 578 se
2235 521 2513 570 excruciare

356 571 783 647 sticisprocedqnt.
805 583 1007 650 Cumque
1007 581 1420 652 semperaequivo-
1469 579 1675 646 misellos
1698 578 2005 653 Judiciarios
2040 581 2114 636 ad
2130 585 2238 647 hoc,
2274 605 2330 642 ut
2353 590 2509 658 causas

368 643 421 698 σὲ
459 653 757 701 mentiantur
775 648 1167 725 prognosticando
1192 692 1205 712 ,
1243 654 1418 703 mirum
1458 651 1743 724 pluviarum
1766 694 1780 714 ‚
1818 660 2084 708 tonitruum
2106 695 2121 717 ,
2156 673 2409 714 ventorum
2448 664 2509 723 ἐς

368 720 537 783 nonest
551 758 564 778 ‚
587 739 643 774 ea
657 740 762 794 quae
774 724 895 779 alias
916 725 1089 777 revera
1113 725 1217 791 casia
1231 735 1419 776 tantum
1469 738 1747 780 caeterorum
1771 725 2009 795 ejusmodi
2029 730 2272 800 effebiuum
2298 731 2510 787 ciPlane-

369 796 666 865 contingunt,
679 795 971 868 quandoque,
982 794 1251 870 etfipraeter
1260 802 1421 852 inten-
1469 802 1538 851 tis
1550 798 1637 851 vel
1643 797 1704 852 ab
1717 800 1831 854 aliis
1853 800 1965 854 Coeli
1977 800 2200 874 partibus
2226 803 2478 873 addiscant
2491 830 2506 860 ε

372 869 553 918 tionem
565 883 661 943 pro
696 871 1022 935 nosticantinm
1049 866 1267 923 accidere
1289 911 1303 930 ,
1339 870 1419 930 fic·
1456 869 1617 942 ficque
1635 872 1717 926 illi
1738 874 1877 948 longe
1899 872 2000 938 ase
2020 895 2110 928 non
2134 895 2346 948 quaerere
2366 876 2508 932 debe-

404 956 463 991 ue
474 889 869 1013 praedibffionibus
892 960 1052 995 eorum
1074 939 1103 993 ἃ
1112 939 1419 1017 fimpliciori-
1470 957 1604 1006 rent,
1628 944 1710 1007 id,
1733 945 1865 1018 quod
1876 946 1906 1000 ἃ
1928 951 2079 1002 Terra
2102 950 2202 1023 ipflz
2228 970 2366 1023 quam
2378 955 2508 1004 inco-

373 957 465 1065 {us
487 1011 647 1080 fidem
679 1013 864 1069 haberi.
903 1023 1087 1067 Horum
1110 1019 1267 1090 igitur
1287 1021 1420 1089 igno·
1470 1017 1576 1070 lunt
1587 1024 1898 1091 repetendum
1914 1020 1993 1083 est.

375 1092 590 1139 rantium
601 1101 888 1162 nugatorum
913 1106 1060 1159 nugas
1075 1086 1420 1162 prudenter&
1470 1093 1613 1152 1m0,
1633 1096 1728 1145 exi
1760 1106 1929 1146 norata
1940 1106 2017 1146 tot
2027 1106 2140 1146 ante
2153 1096 2335 1163 seculis
2354 1094 2510 1166 (teste

377 1158 517 1213 caute
525 1156 709 1214 devita.
1469 1162 1717 1219 Ricciolo
1759 1163 1823 1219 ib.
1853 1185 1902 1232 4.
1920 1164 1986 1221 de
2005 1167 2171 1221 Luna.
2209 1168 2406 1243 Qaest.
2424 1191 2447 1223 1
2460 1190 2484 1222 1
2498 1214 2510 1226 .

446 1236 514 1286 Et
534 1231 819 1290 Franciscus
840 1230 1102 1290 Farnefius
1119 1232 1206 1289 lib.
1226 1253 1272 1290 2.
1286 1233 1415 1289 Phil.
1468 1241 1523 1291 in
1535 1236 1666 1307 fine)
1687 1244 1943 1293 Lunarium
1969 1235 2259 1311 divetfitate
2283 1263 2338 1296 ac
2361 1241 2512 1297 libra-

373 1303 492 1359 Nat.
507 1322 622 1378 cap.
642 1323 793 1375 13011.
807 1318 929 1372 756.
942 1311 1114 1381 inquit
1145 1329 1159 1359 ε
1186 1305 1418 1361 Mendax
1467 1315 1599 1365 tione
1619 1331 1709 1364 non
1720 1313 1863 1379 secus
1875 1333 1929 1366 ac
1939 1331 2005 1367 ex
2019 1317 2274 1388 incognitis
2302 1329 2415 1369 ante
2427 1336 2509 1370 no·

370 1378 437 1440 est
471 1374 758 1435 divinati-ix
778 1398 884 1454 quae
917 1378 1103 1435 dicitur
1139 1381 1421 1457 Astrologia,
1453 1384 1612 1448 strum
1647 1385 1732 1439 hoc
1740 1386 1954 1453 seculum
1978 1391 2130 1458 Jovis
2152 1407 2207 1441 ac
2227 1394 2427 1443 Saturni
2438 1409 2511 1442 co-

357 1451 548 1512 somnia
574 1453 697 1525 fient
732 1472 837 1526 quae
863 1455 1038 1530 futura
1056 1455 1338 1529 praelegunt
1361 1460 1414 1508 in
1467 1455 1665 1512 mitibus
1678 1476 1928 1532 eorumque
1939 1457 2162 1522 motibus,
2179 1475 2266 1515 aut
2274 1463 2512 1517 Solarium

359 1522 611 1589 stellarum
621 1527 753 1598 quast
770 1528 1112 1581 elementorum
1135 1527 1418 1601 compofitio·
1467 1531 1776 1586 Macularum
1790 1529 2125 1604 victffitudine,
2150 1554 2241 1588 non
2264 1541 2511 1590 minimum

369 1615 431 1650 ne
459 1621 479 1650 .-
502 1618 588 1653 nec
612 1603 730 1656 vero
753 1606 930 1655 mirum
952 1602 1018 1665 est
1041 1641 1054 1662 ,
1062 1599 1115 1670 st
1122 1642 1136 1662 ,
1159 1600 1244 1655 ubi
1268 1602 1419 1656 multa
1468 1619 1801 1678 argumentum
1812 1605 2102 1681 ficmipotest
2121 1621 2283 1661 contra
2307 1609 2511 1672 Astrolo-

369 1677 566 1726 mentiti
573 1673 697 1742 fiant
724 1715 738 1736 ‚
772 1673 967 1748 aliquid
982 1681 1096 1729 veri
1133 1681 1331 1730 eveniat
1355 1695 1420 1732 ex
1467 1683 1564 1750 giae
1577 1678 1872 1751 ‘Judiciariae
1882 1676 2231 1734 certitudinem.
2247 1691 2358 1735 Vero
2355 1680 2513 1750 fimil-

373 1745 889 1815 ostentisfivmniorum.
1474 1750 1640 1806 ,limum
1663 1756 1830 1826 quippe
1854 1754 1919 1817 est
1958 1772 2025 1807 ex
2059 1754 2226 1806 horum
2250 1773 2426 1827 quoque
2436 1751 2508 1808 di·

449 1819 554 1873 Cui
570 1821 884 1876 Mersennus
906 1825 959 1875 in
974 1824 1114 1876 notis
1137 1819 1284 1896 super
1311 1826 1424 1878 Ari·
1475 1823 1728 1894 vctfitate,
1749 1823 1973 1893 diversos
1984 1830 2128 1879 etiam
2142 1827 2359 1892 influxus
2373 1829 2510 1883 coele·

376 1888 637 1948 starchum
675 1912 794 1970 pag.
846 1909 933 1949 61.
971 1893 1309 1966 adstipulatur
1350 1893 1427 1950 di·
1459 1897 1566 1960 stes
1576 1902 1630 1950 in
1638 1899 1737 1950 haec
1745 1901 1992 1972 inferiora.

2148 2082 2498 2092 ——ss

675 2182 1196 2268 LIBER
1316 2174 2203 2293 QU1NTUS,

1383 2360 1524 2411 DE

376 2494 1696 2618 TERRAQUEO
1833 2494 2513 2603 GLOBO

704 2681 798 2765 &
824 2681 990 2780 ejus
1025 2676 1261 2759 Socia
1284 2705 1457 2791 quae
1481 2704 1637 2761 voc
1650 2698 1817 2759 atur
1859 2678 1933 2758 L
1958 2702 2012 2754 U
2049 2698 2098 2753 Ν
2136 2701 2187 2752 A
2212 2743 2228 2759 .

1210 2905 1587 2961 CAPUT
1664 2909 1701 2959 Ι.

628 3040 718 3103 De
753 3033 1036 3122 Terraqueo
1064 3034 1222 3101 Globo
1239 3081 1256 3114 ,
1266 3032 1380 3115 five
1412 3033 1611 3098 Teffure
1625 3084 1645 3114 ,
1691 3034 1880 3122 ejusque
1916 3040 2000 3100 M
1989 3035 2290 3125 agnitudine.

740 3268 745 3273 1
775 3200 871 3256 On
890 3199 1218 3257 describimus
1243 3200 1349 3255 hoc
1361 3198 1415 3254 lo
1488 3196 1643 3253 Unde
1661 3217 1874 3273 quoque
1896 3204 1950 3254 in
1985 3202 2177 3255 Lunari
2199 3193 2387 3271 Eclipsi
2410 3214 2522 3250 um-

134 3267 332 3350 Tffqae
438 3332 441 3335 ,
721 3293 734 3342 ι
781 3293 848 3329 co
861 3273 1131 3330 Tellurem
1146 3272 1434 3330 secundum
1487 3272 1589 3326 brae
1625 3272 1877 3328 terrestris
1898 3278 1955 3327 in
1974 3275 2137 3328 Lunae
2159 3270 2373 3347 globum
2395 3273 2523 3324 inci-

129 3325 363 3408 fmssufiate·
404 3362 411 3367 ·
438 3330 457 3396 ἲ
485 3358 507 3391 τ»
566 3354 589 3378 “-
646 3381 659 3385 -
683 3361 693 3366 “
749 3405 756 3411 ,
783 3354 896 3420 ejus
917 3348 1242 3422 superficiem,
1267 3347 1322 3404 id
1343 3346 1434 3410 est,
1484 3344 1616 3402 dens
1653 3344 1815 3421 figura
1851 3345 2028 3402 exaste
2051 3344 2279 3402 rotunda
2299 3342 2526 3401 videtur.
2545 3390 2666 3427 M,
2683 3388 2763 3435 sm

133 3425 239 3452 '‘⁸¹‘'
253 3423 296 3450 ⁸⁸
417 3459 421 3465 „
448 3417 454 3419 ⁴
482 3414 512 3486 ᾗ
536 3436 559 3457 ’-
782 3441 890 3498 quo
912 3419 980 3478 ad
1008 3420 1190 3496 Regna
1207 3421 1432 3496 ‚Regio-
1483 3419 1765 3495 Qantum
1800 3421 1924 3477 vero
1960 3423 2131 3476 Maria
2166 3424 2355 3475 attinet
2379 3458 2396 3482 ‚
2440 3413 2524 3471 illa
2543 3441 2580 3477 ε.
2600 3439 2769 3480 ham-

136 3468 362 3553 mpuslann·
398 3519 408 3555 Χ
435 3471 455 3514 5
481 3487 516 3512 ,a
552 3469 599 3526 φ

569 3496 580 3560 ζ
655 3526 658 3530 ’
721 3502 759 3557 ⁵)
782 3511 879 3552 nes
902 3535 916 3557 ‚
944 3497 1113 3550 Maria
1136 3535 1150 3556 ‚
1183 3496 1431 3560 Flumina,
1483 3499 1662 3549 omnia
1674 3490 2524 3621 intersesesuntffzhaericeadaequa-
2545 3489 2762 3579 glis-perfi-

554 3571 590 3586 ''
713 3588 739 3596 ·
781 3571 1004 3625 Montes
1032 3609 1046 3629 ‚
1070 3568 1264 3625 Insulas
1289 3611 1304 3632 ,
1332 3574 1432 3626 Ur·
1486 3585 1539 3623 ta
1567 3572 1622 3622 in
1650 3587 1754 3623 una
1775 3566 2026 3623 horizont
2078 3576 2096 3622 i
2128 3563 2394 3639 superficie
2420 3559 2525 3650 ubi:
2594 3572 2602 3579 ·

386 3648 484 3704 bes
498 3688 513 3710 ,
535 3640 737 3701 Incolas
751 3646 852 3699 ὅτε.
874 3648 998 3699 utin
1013 3641 1434 3720 Cofinographiis
1485 3659 1588 3717 que
1602 3642 1632 3696 a
1661 3659 1847 3696 centro
1873 3642 2135 3716 aequaliter
2157 3637 2424 3698 distantia,
2448 3652 2526 3690 un

390 3719 607 3777 describi
641 3715 778 3773 solet
805 3739 819 3770 ε
857 3715 947 3772 sed
974 3713 1355 3772 consideramus
1378 3718 1434 3772 il·
1486 3732 1582 3792 cap.
1603 3735 1647 3781 5.
1680 3714 2002 3771 docebimus.
2489 3787 2500 3797 .
2590 3780 2597 3788 .

390 3795 494 3850 lam
544 3807 766 3849 uatenns
795 3800 883 3845 Cor
914 3810 970 3845 us
992 3788 1066 3844 est
1081 3789 1432 3846 Mundanum.
1561 3792 1720 3844 Hunc
1733 3787 1950 3863 globum
1971 3790 2240 3843 continere
2261 3791 2315 3840 in
2346 3791 2526 3839 circui·
2549 3777 2767 3868 fgssmss}

166 3883 223 3931 ιβ
248 3891 365 3921 mun-
462 3872 504 3920 E
579 3883 756 3923 autem
780 3865 866 3920 Te
907 3883 967 3920 us
999 3861 1172 3919 nostra
1203 3905 1217 3925 ‚
1252 3866 1436 3938 globus
1488 3878 1546 3916 tu
1560 3862 1791 3917 milliaria
1801 3867 2096 3936 germanica
2111 3881 2258 3928 5400,
2271 3857 2372 3914 five
2392 3855 2524 3911 Itali·
2546 3880 2744 3940 ww&

390 3939 646 3997 rotundus
681 3980 696 4002 ,
741 3958 854 3995 non
902 3937 1117 4013 quidem
1153 3936 1435 3992 secundum
1489 3955 1549 3991 ca
1566 3947 1735 3989 21600
1763 3978 1777 3997 ‚
1803 3943 2086 4010 antiquitas
2110 3932 2293 3989 docuit
2315 3974 2328 3993 ,
2359 3929 2524 3985 idem-
2546 3934 2769 4022 5³52&

391 4017 762 4089 geometricam
774 4012 1034 4074 acribiam,
1052 4008 1141 4065 sed
1155 4017 1266 4082 ejus
1278 4010 1436 4084 sphae-
1490 4027 1593 4085 que
1605 4012 2178 4065 unanimiterrecentior
2198 4003 2366 4063 asserit
2390 4018 2527 4089 aetas,
2543 3994 2656 4081 [lm-³

392 4091 568 4143 ricitas
604 4084 680 4140 est
716 4085 783 4142 ad
817 4105 917 4162 pro
956 4090 1219 4140 ortionem
1246 4103 1305 4138 ac
1330 4084 1438 4138 sen·
1489 4081 1632 4139 unde
1659 4089 1771 4154 ejus
1799 4081 2052 4138 diameter
2073 4082 2219 4155 (quia
2250 4098 2345 4154 pro
2386 4093 2525 4131 ortio

388 4160 531 4219 sum.
561 4164 900 4217 itautomnes
985 4175 1306 4232 ontesatque
1319 4177 1440 4232 pro·
1487 4155 1984 4212 circumferentiaead
2002 4154 2308 4210 diametrum
2342 4167 2523 4237 emper

391 4232 681 4290 funditates
719 4275 733 4294 ‚
789 4234 983 4290 nullius
1031 4229 1132 4286 sint
1179 4237 1436 4287 momenti
1492 4229 1564 4284 est
1578 4245 1636 4284 ut
1664 4251 1731 4282 22
1754 4228 2261 4298 ad7)habet1718;⁴3
2288 4222 2524 4281 milhana

390 4306 603 4383 quando
617 4324 978 4382 comparantur
990 4324 1110 4363 cum
1124 4321 1242 4361 toto
1256 4304 1430 4380 globo;
1458 4366 1460 4370 λ
1488 4307 1782 4377 germanica
1805 4345 1817 4365 ‚
1852 4302 1939 4358 seu
1968 4320 2064 4375 pro
2103 4298 2329 4356 faciliori
2353 4297 2521 4353 calcu-

2464 4370 2518 4424 lo
