3068 4718
530 240 626 274 200

1155 224 1495 276 Lrnssn
1573 220 2035 284 Sextus,

1310 383 1678 437 CAPUT
1755 384 1862 435 111.

1214 523 1302 582 De
1353 515 1546 581 Mundi
1591 518 1982 580 Limone.

1631 688 1774 732 mus,
1800 670 1911 726 fieri
1938 689 2045 726 non
2109 669 2241 727 otest
2253 668 2357 726 fine
2369 669 2546 727 medio
2570 671 2659 727 ali-

752 675 855 730 Uia
879 690 1067 747 magna
1087 670 1162 727 est
1185 668 1561 728 differentiam-

531 669 734 869 Q
749 747 1566 818 terMotum&Lationem,itaque
1627 761 1731 816 quo
1746 759 1980 804 externo.
1997 765 2057 802 ve
2084 787 2095 806 ,
2107 743 2215 800 fine
2228 746 2432 800 alterius
2442 743 2659 800 admini—

750 818 851 874 hoc
864 818 984 874 loco
997 819 1102 873 rele
1140 818 1275 874 enda
1288 832 1438 873 erunt
1451 835 1565 891 quae
1626 816 1745 870 culo
1762 842 1775 880 ;
1796 817 2038 892 Qilibet
2058 834 2232 873 autem
2257 816 2496 874 Mundus
2511 859 2524 879 ‚
2545 833 2660 874 tan-

530 890 757 947 diximus
792 890 878 944 lib.
908 907 1087 949 antece
1129 932 1139 944 .
1174 911 1217 956 5.
1248 909 1347 966 cap.
1371 910 1458 955 15·
1496 888 1562 944 de
1626 907 1779 962 quam
1803 907 1895 962 per
1915 891 1966 946 se
1991 889 2256 967 fingularis
2283 931 2296 952 ,
2337 909 2513 964 neque
2537 909 2658 945 cum

530 967 709 1026 Motu,
723 968 773 1018 &
791 986 812 1018 1
823 978 869 1019 6.
887 964 952 1020 de
965 968 1201 1022 Latione.

313 1042 465 1081 Mundus
602 1039 882 1093 Lationem
930 1037 1017 1095 seu
1062 1041 1278 1094 Motum
1311 1040 1563 1099 LationiS,

286 1094 503 1194 33,ᾒοξῇ
528 1107 766 1168 Mundus
777 1113 950 1186 quoad
968 1128 1153 1175 totum,
1171 1132 1278 1168 non
1296 1111 1462 1185 potest
1475 1110 1562 1165 ha-

286 1195 347 1246 test
356 1194 479 1233 habere
529 1181 650 1238 bere
662 1208 676 1248 ;
690 1188 747 1240 In
750 1190 915 1257 spatio
929 1191 1068 1241 enim
1084 1186 1279 1256 Infinito
1296 1226 1308 1247 ,
1320 1184 1562 1253 Immenss‚

284 1256 420 1336 ζζ-’ξζξω
430 1252 500 1290 ra-
525 1255 663 1313 nulla
675 1275 767 1332 per
779 1258 830 1312 se
843 1258 918 1313 est
931 1262 1097 1320 Latio,
1112 1259 1411 1334 nullumque
1424 1276 1560 1312 crea-

527 1345 666 1391 tum,
690 1330 835 1403 quod
847 1330 948 1385 sese
973 1337 1026 1386 in
1044 1330 1135 1386 illo
1153 1351 1365 1387 movere
1389 1330 1563 1406 potest
1586 1401 1589 1406 .

528 1400 594 1455 de
608 1402 770 1474 spatio
782 1408 833 1456 in
848 1401 881 1456 s
907 1409 1065 1458 atium
1079 1404 1185 1474 (seu
1201 1420 1258 1459 ut
1270 1411 1562 1460 communi·
1586 1418 1591 1478 ς

526 1489 605 1528 ter
627 1473 807 1531 dicunt
818 1517 831 1537 ,
856 1422 921 1531 Xe
937 1476 1058 1532 loco
1084 1482 1136 1532 in
1156 1478 1353 1547 locum)
1373 1482 1494 1553 quia
1506 1482 1560 1531 in

527 1563 594 1600 eo
608 1546 737 1603 nihil
757 1548 832 1603 est
842 1548 1033 1605 sursum
1044 1550 1169 1605 nihil
1184 1549 1421 1606 deorsum
1434 1591 1448 1613 ,
1471 1568 1564 1606 ne·

527 1637 630 1693 que
644 1620 964 1678 dextrorsum
978 1638 1065 1679 aut
1077 1622 1408 1679 sinistrorsum
1422 1666 1434 1685 ‚
1450 1623 1560 1678 nul-

525 1690 703 1768 lusque
715 1700 935 1751 omnino
949 1696 1207 1771 respestus
1218 1696 1283 1752 ad
1295 1696 1491 1772 aliquid
1501 1694 1562 1751 fi-

311 1775 352 1809 ln
368 1767 482 1818 52111‘0
530 1782 593 1820 ve
606 1770 753 1824 locus
772 1768 837 1824 ad
852 1789 1010 1845 quem
1038 1769 1138 1825 ulla
1149 1773 1300 1826 Latio
1314 1768 1424 1826 fieri
1449 1768 1563 1844 pos-

281 1818 508 1913 ζζ-’,ζζίῗζζζζ
528 1836 604 1893 fit.
657 1840 762 1896 Ubi
787 1861 962 1899 autem
985 1844 1156 1900 nullus
1185 1843 1257 1899 est
1282 1844 1455 1907 locus,
1492 1841 1563 1897 ibi

284 1922 375 1960 vibi!
393 1929 451 1971 Per
463 1922 502 1967 fe·
526 1911 662 1969 nulla
681 1915 853 1989 potest
890 1915 989 1972 effe
1011 1922 1450 1991 appropinquatio
1481 1914 1563 1973 vel

278 1970 506 2060 {jss‘jffiffa}
526 1984 809 2050 inclinati0,
819 2003 877 2042 ut
887 1989 1014 2063 quid
1029 1990 1129 2043 huc
1143 1994 1195 2043 &
1207 1989 1324 2043 illuc
1339 1989 1562 2050 fetatum

282 2074 403 2112 locum.
526 2057 662 2114 Nam
684 2058 1128 2134 ficutimpoffibile
1142 2062 1217 2115 est
1239 2067 1293 2116 in
1306 2061 1559 2116 immenso

525 2130 796 2188 ascendere
811 2175 825 2195 ‚
845 2133 1036 2190 eodem
1060 2132 1222 2189 modo
1246 2132 1441 2189 nihilin
1466 2133 1555 2188 illo

526 2205 702 2279 potest
725 2204 908 2262 cadere
923 2249 935 2269 ,
959 2226 1059 2262 nec
1069 2212 1366 2279 gravitatem
1379 2223 1475 2262 nec
1487 2207 1555 2260 le—

526 2284 738 2335 vitatem
764 2278 984 2341 habere3
1007 2277 1111 2333 Sed
1124 2277 1337 2352 quando
1361 2276 1557 2352 aliquid

528 2369 682 2424 grave
694 2352 776 2407 vel
793 2351 908 2407 leve
923 2350 998 2405 est
1011 2391 1025 2412 ,
1046 2368 1171 2406 tunc
1184 2349 1336 2404 habet
1347 2367 1557 2406 motum

528 2427 792 2484 Ladonis,
816 2427 1053 2479 Lationis
1080 2440 1257 2478 autem
1295 2438 1472 2478 motus
1498 2422 1560 2479 fit

527 2494 846 2552 adminiculo
880 2497 1087 2551 alterius
1108 2501 1327 2567 alicujus
1364 2502 1439 2552 rei
1472 2494 1561 2552 seu

527 2586 617 2642 per
629 2568 769 2625 aliud
790 2586 1016 2625 creatum
1027 2568 1182 2645 quid;
1213 2577 1335 2645 quia
1348 2569 1471 2626 veto
1481 2571 1563 2639 (ut

530 2646 771 2714 putatur)
796 2660 904 2697 non
919 2640 1015 2698 sint
1040 2643 1128 2699 alii
1151 2641 1327 2717 plures
1347 2642 1563 2705 Mundi,

534 2713 603 2770 ad
617 2713 744 2789 quid
766 2715 1006 2771 inclinare
1020 2716 1176 2773 vellet
1198 2715 1282 2771 hic
1294 2715 1564 2772 Mundus?

535 2786 730 2844 etiamfi
755 2793 896 2844 enim
935 2788 1144 2845 caderet
1168 2790 1249 2847 vel
1270 2788 1564 2845 ascenderet

573 2880 626 2916 er
637 2860 896 2934 myriades
906 2880 1163 2918 annorum
1176 2904 1188 2925 ‚
1212 2860 1562 2918 innumerabi-

554 2951 610 2990 es
622 2933 915 2990 milliarium
929 2935 1190 3008 myriades
1201 2976 1215 2998 ,
1240 2932 1364 2991 eflet
1374 2934 1562 2990 nihilo-

458 3009 461 3010 ’
533 3011 710 3063 minus
723 3006 913 3062 eodem
925 3009 1041 3064 loco
1057 3013 1107 3062 δε
1122 3025 1354 3064 maneret
1370 3006 1563 3063 eodem

533 3079 655 3136 loco
666 3121 680 3142 ,
699 3085 820 3155 quia
830 3079 896 3136 ad
908 3080 1223 3137 Immensum
1237 3080 1406 3137 nullus
1418 3080 1566 3138 datur

533 3152 787 3225 respee'cus
802 3194 816 3214 ,
836 3151 977 3208 nulla
991 3152 1228 3211 distantia
1251 3154 1325 3210 est
1337 3169 1443 3210 tam
1465 3173 1570 3211 ma-

536 3241 638 3298 gna
661 3243 776 3298 quae
797 3244 916 3279 com
960 3233 1246 3282 arationem
1272 3229 1426 3284 ullam
1449 3246 1568 3283 cum

535 3315 603 3351 eo
629 3296 817 3351 habere
844 3315 915 3371 po
957 3315 1012 3352 lt.
1050 3304 1115 3352 Et
1140 3299 1312 3373 pofito
1334 3300 1482 3375 quod
1498 3299 1566 3356 es-

535 3367 647 3424 sent
672 3369 759 3424 alii
771 3371 943 3444 plures
954 3370 1174 3432 Mundi,
1186 3386 1359 3429 tamen
1372 3378 1568 3430 unicui-

536 3461 640 3515 que
675 3459 855 3498 eorum
891 3440 1182 3518 prohibitus
1228 3444 1353 3500 effet
1391 3461 1569 3502 motus

535 3516 786 3571 Lationis.
833 3537 877 3569 1.
902 3516 1045 3587 Qia
1057 3522 1254 3571 unusin
1280 3519 1439 3574 alium
1457 3537 1568 3574 non

537 3587 715 3660 potest
738 3587 875 3644 ferri.
920 3612 969 3647 2.
984 3590 1129 3662 Qia
1149 3592 1301 3647 Latio
1317 3631 1330 3652 ,
1354 3606 1414 3647 ut
1436 3591 1568 3648 dixi-

1622 962 1724 1016 alio
1737 965 2068 1033 conjunctus,
2094 967 2241 1021 alteri
2254 982 2363 1019 non
2392 961 2559 1037 posset
2571 964 2660 1018 ad-

1615 1039 1915 1104 jumentum
1944 1038 2167 1110 praebere
2193 1063 2208 1103 3
2235 1036 2326 1093 sed
2349 1050 2583 1092 maneret
2606 1040 2661 1092 in

1620 1107 1783 1182 spatio
1819 1108 1912 1164 suo
1948 1112 2230 1168 immobilis
2263 1111 2441 1187 quoad
2481 1112 2659 1166 Latio-

1624 1199 1759 1236 nem.

1693 1255 1837 1310 Sicut
1862 1270 2037 1311 autem
2059 1265 2115 1313 in
2140 1263 2326 1333 quovis
2346 1275 2565 1332 corpore
2586 1258 2660 1311 vi-

1623 1326 1850 1403 vo,quod
1862 1347 1927 1383 ex
1942 1327 2150 1388 diverfis
2162 1329 2480 1406 partibusseu
2494 1346 2659 1384 mem-

1622 1399 1725 1456 bris
1747 1402 1944 1459 constat
1965 1443 1978 1465 ‚
2004 1421 2178 1462 motus
2202 1403 2278 1460 est
2305 1403 2661 1459 membrorum

1623 1473 1844 1531 diversus
1857 1517 1874 1539 ‚
1894 1473 1961 1530 fic
2007 1483 2246 1553 uoquein
2260 1476 2473 1533 Mundo
2486 1489 2660 1550 partes

1624 1547 1705 1605 vel
1718 1555 1764 1620 ej
1771 1565 1829 1603 us
1842 1568 1983 1604 mem
2021 1569 2090 1613 ra,
2106 1567 2279 1606 motus
2291 1550 2481 1606 habent
2493 1548 2664 1605 diver-

1621 1621 1728 1683 sos,
1757 1638 1863 1676 tam
1892 1623 2067 1695 quoad
2080 1639 2283 1680 motum
2297 1624 2449 1697 perse
2469 1665 2483 1686 ‚
2505 1639 2665 1697 quam

1625 1692 1800 1770 quoad
1815 1710 2019 1750 motum
2033 1698 2287 1760 Larionis3
2303 1696 2561 1751 Centrum
2576 1713 2664 1751 au·
2710 1720 2880 1756 camn-

1625 1785 1732 1823 tem
1746 1767 1943 1823 Mundi
1956 1767 2156 1825 necesse
2174 1771 2250 1826 est
2264 1785 2321 1826 ut
2334 1784 2504 1825 careat
2515 1771 2663 1825 omni
2684 1768 2896 1856 Μ”Ᾱῗῗ

1624 1844 1871 1906 Latione,
1900 1847 2019 1916 quia
2070 1843 2243 1900 uando
2259 1859 2431 1899 totum
2447 1861 2556 1898 non
2568 1840 2649 1897 fer
2679 1818 2915 1909 ssss'ssmzf

1622 1929 1705 1971 tur
1728 1913 1939 1970 deloco
1962 1865 2227 1973 adducam
2246 1960 2258 1979 ,
2281 1917 2404 1992 ergo
2424 1936 2525 1972 nec
2548 1934 2668 1972 cen·
2684 1921 2857 1961 Lacunis.

1622 2006 1759 2044 trum
1790 1994 1930 2059 ejus,
1960 2010 2256 2065 quanquam
2282 2006 2487 2046 motum
2502 1992 2665 2060 (cum-

1618 2066 1797 2186 Erimis
1818 2063 2134 2132 centralem)
2171 2069 2366 2137 quaevis
2389 2080 2471 2118 res
2492 2081 2587 2136 per
2609 2062 2661 2118 se

1657 2131 1808 2187 abere
1830 2132 1984 2204 poffit
2006 2131 2113 2189 fine
2137 2142 2284 2190 omni
2299 2138 2550 2196 Latione,
2577 2142 2658 2193 uti
2707 2139 2880 2198 &W

1619 2204 1854 2262 videmus
1876 2209 1928 2259 in
1954 2208 2126 2279 globis
2147 2214 2237 2283 qui
2253 2207 2283 2262 a
2303 2206 2660 2264 tornatoribus
2676 2189 2904 2278 mffiss'.

1621 2292 1893 2333 tornantur
1907 2317 1921 2338 ‚
1946 2278 2141 2333 etiamst
2162 2279 2429 2337 celerrime
2441 2287 2658 2338 circum-
2676 2288 2877 2380 'ditm

1655 2366 1867 2424 yrentur
1877 2389 1890 2410 ,
1913 2367 2091 2404 tamen
2107 2368 2196 2424 per
2205 2355 2255 2407 le
2267 2355 2444 2427 quoad
2455 2371 2663 2411 motum
2679 2338 2775 2392 “9''

1621 2368 1858 2478 {ationis
1869 2421 2170 2480 immobiles
2191 2424 2309 2481 sunt
2323 2468 2336 2487 ‚
2358 2426 2666 2503 semperque

1623 2502 1680 2551 in
1701 2494 2024 2551 eodemloco
2049 2513 2278 2554 manent.
2322 2498 2484 2555 Unde
2503 2503 2668 2558 Mun-

1626 2568 1678 2623 di
1702 2584 1935 2624 centrum
1964 2589 2074 2626 non
2113 2570 2324 2646 quidem
2354 2571 2419 2629 de
2453 2573 2576 2630 loco
2595 2574 2665 2631 ad

1623 2639 1800 2697 locum
1820 2639 1968 2705 ferri,
1997 2642 2179 2700 verum
2203 2645 2494 2703 centraliter
2522 2648 2668 2706 volvi

1624 2712 1796 2789 posse,
1820 2716 2218 2777 rationabiliter.
2236 2724 2288 2774 &
2311 2726 2424 2790 ejus
2439 2737 2665 2783 motum,

1624 2793 1848 2863 primum
1860 2792 2089 2846 Movens
2100 2795 2154 2845 in
2165 2792 2378 2848 Mundo
2392 2791 2492 2849 esse
2505 2836 2520 2858 ‚
2535 2813 2665 2850 con-

1625 2859 1941 2917 cludendum
1955 2863 2044 2917 est.

1697 2932 1837 2988 Cum
1850 2939 2003 3008 igitur
2019 2951 2162 2992 extra
2177 2937 2447 2994 Mundum
2461 2937 2589 2994 nihil
2601 2938 2664 2996 fit
2707 2935 2866 3025 ’Ἕω

1625 3006 1768 3136 guod
1781 3022 1984 3062 motum
1999 3010 2194 3065 Mundi
2217 3012 2447 3067 causetur
2464 3054 2478 3074 ,
2501 3015 2663 3069 Mun·
2679 3001 2791 3077 3:221,
2799 2996 2878 3077 ,ff
2883 3009 2901 3021 “

1666 3079 1821 3155 usque
1833 3098 1925 3154 per
1936 3081 1991 3136 se
2004 3101 2173 3140 careat
2187 3091 2335 3141 omni
2346 3087 2584 3143 Latione:
2593 3087 2665 3143 se·
2680 3090 2891 3193 3,γέζὶ

1626 3158 1798 3228 quitur
1817 3153 1965 3229 quod
1987 3171 2164 3212 motus
2187 3158 2262 3214 illi
2276 3200 2289 3220 ,
2331 3164 2384 3214 &
2409 3162 2662 3219 Lationes
2677 3193 2712 3231 „-
2728 3189 2846 3246 pff,

1626 3227 1723 3281 111ae
1737 3226 2120 3295 (membrorum
2145 3229 2334 3287 scilicet
2345 3234 2423 3290 vel
2436 3239 2659 3307 partium

1625 3298 1820 3355 Mundi
1846 3342 1859 3363 ,
1888 3300 1989 3356 hoc
2015 3302 2091 3357 est
2111 3303 2407 3380 Corporum
2429 3306 2658 3363 Munda-

1626 3375 1848 3444 norum)
1884 3394 2019 3451 quos
2044 3375 2130 3433 vel
2165 3397 2294 3452 quas
2331 3381 2570 3437 videmus
2600 3383 2662 3436 in

1627 3443 1792 3501 Astris
1804 3489 1817 3510 ,
1840 3466 1946 3503 non
1959 3450 2023 3504 ab
2033 3466 2254 3506 externo
2273 3451 2363 3509 sed
2376 3453 2654 3511 abinterno

1628 3515 1802 3594 aliquo
1814 3527 2071 3596 principio
2083 3529 2322 3583 oriantur-
