3068 4718
134 429 360 536 mx:

157 1406 321 1465 per-u

943 268 1070 324 De
1130 267 1490 326 Tanna
1553 271 1958 327 &Luna⁸

2410 295 2509 345 ¹79

385 359 522 423 astro
533 357 600 422 ad
626 359 1003 421 semicirculum
1017 381 1170 423 moto
1183 409 1197 427 ,
1224 381 1425 422 teneret
1481 373 1703 424 etiamin
1718 386 2086 447 quamcunque
2097 385 2313 445 partem,
2326 370 2393 429 de
2404 379 2518 449 qui·

379 437 654 496 sinistrum.
697 436 916 494 Causam
944 439 1242 495 constantiae
1254 441 1423 496 Luna·
1481 439 1579 498 bus
1623 442 1772 515 plura
1804 445 1913 499 Pat.
1955 443 2218 502 Ricciolus
2250 451 2304 501 in
2338 445 2512 503 Alma-

142 530 327 584 wisfi:
379 518 448 569 ris
459 509 610 568 faciei
622 510 910 567 naturalem
924 510 1026 568 esse
1041 554 1054 575 ‚
1068 511 1266 588 detegit
1275 510 1423 568 simul
1479 513 1640 589 gesto.

376 582 566 660 globus
587 582 681 639 iste
692 582 1037 661 sulphureus,
1064 587 1129 642 de
1177 601 1251 641 uo
1270 583 1355 639 lib.
1369 606 1418 654 4.

375 675 476 735 cap.
496 678 578 723 15.
603 663 695 732 qui
720 657 1011 732 plumulam
1037 659 1069 713 a
1092 657 1141 713 se
1174 657 1310 714 emel
1331 678 1420 714 ex·

374 730 574 806 pulsam
588 772 602 793 ,
629 732 736 786 una
750 730 956 807 semper
967 728 1098 787 facie
1112 736 1165 785 in
1180 730 1309 787 orbe
1319 735 1419 789 vir-

374 809 504 860 tutis
528 809 723 861 retinet
747 847 763 869 ,
788 809 842 859 in
867 820 1123 879 quamcun
1162 823 1230 859 ue
1258 810 1418 860 etiam

373 894 578 952 partem
606 875 1044 938 circumducatur,
1067 894 1100 934 v
1168 874 1316 951 supra
1333 876 1418 935 vel

382 947 520 1008 infra
539 965 778 1006 tencatur
801 949 1017 1025 globus,
1040 954 1095 1004 in
1119 948 1264 1041 illam
1286 969 1416 1025 quo-

382 1022 1419 1170 Ψξιῗὲῗὲἷὲἷῗὲὲῗξιῗὲῗξίῗὲἷὲῗέζῖ

378 1116 627 1300 ¹filicetixr,
665 1187 773 1224 non
801 1167 863 1225 fit
891 1169 1087 1225 idonea
1106 1116 1330 1244 §mplius
1354 1168 1422 1224 ad

418 1261 516 1300 anc
560 1242 644 1300 vel
690 1241 832 1299 illam
876 1260 983 1299 rem
1034 1248 1131 1299 rite
1176 1261 1422 1300 exercen-

381 1317 880 1446 dar1¹³¹‹3rroinditant
904 1387 1183 1466 telescopia
1204 1431 1219 1452 ,
1255 1392 1422 1446 Lunae

380 1461 594 1541 quidem
606 1460 819 1537 globum
838 1468 972 1518 circa
993 1461 1068 1518 sui
1081 1480 1319 1519 centrum
1332 1465 1420 1520 ali·

379 1551 635 1625 quantum
671 1536 843 1592 librari
867 1560 883 1601 ς
921 1534 1134 1624 quando
1173 1542 1419 1594 nimirum

373 1607 1423 1758 ιέξῗιὶἰξᾛὲςὲξῗέἰὴὲἓῗὲῧῗάὲῖἷιῗῖἶ

1556 585 1724 643 Causa
1746 587 1962 712 qpidem
1988 605 2097 643 non
2110 589 2247 644 estin
2270 594 2421 648 Luna
2434 597 2510 666 ip-

1476 660 1526 717 sa
1543 699 1557 722 ,
1575 658 1664 716 sed
1687 666 1740 716 in
1819 679 1926 717 erra
1948 704 1961 724 ,
1987 667 2134 732 cujus
2159 662 2285 718 orbe
2308 669 2510 721 virtutis

1478 740 1630 792 Luna
1678 739 1866 790 circum
1945 747 2096 790 ratur.
2176 737 2317 790 Dum
2366 743 2509 793 enim

1476 810 1801 882 Terraqueus
1821 807 1907 881 glo
1947 825 2032 869 us,
2057 812 2110 861 in
2135 808 2263 862 orbe
2290 813 2508 870 virtutis,

1475 879 1681 935 Lunam
1718 896 1828 934 non
1869 880 2035 937 solum
2073 879 2331 938 constanti
2364 883 2511 938 vultu

1477 967 1625 1008 tenet
1641 993 1656 1016 ,
1679 951 1858 1010 verum
1875 962 2033 1010 eriam
2047 954 2133 1010 sua
2144 952 2292 1010 simul
2302 959 2509 1030 vertigi-

1477 1043 1543 1079 ne
1557 1066 1572 1090 ,
1585 1025 1849 1081 menstrua
1859 1028 2055 1083 latione
2068 1027 2364 1083 circumfert
2374 1068 2388 1090 ,
2403 1035 2508 1084 ori-

1474 1114 1559 1153 tur
1582 1095 1846 1169 ejusmodi
1871 1100 2127 1157 vacillatio
2149 1103 2372 1157 Lunaris
2394 1119 2510 1156 cor-

1477 1177 1620 1246 poris
1631 1213 1644 1233 ,
1670 1180 1791 1247 quia
1814 1171 2123 1247 impossibile
2135 1172 2209 1228 est
2223 1215 2237 1236 ,
2259 1179 2384 1248 quin
2396 1191 2509 1228 cor-

1477 1243 1743 1318 puslibere
1753 1245 1992 1320 pendens
2003 1286 2016 1308 ,
2038 1245 2321 1302 rotundum
2333 1251 2385 1302 &
2398 1264 2510 1302 mo·

1480 1317 1659 1376 vendo
1680 1336 1865 1393 aptum
1879 1360 1894 1382 ,
1915 1318 2070 1393 poffit
2081 1318 2397 1375 circumferri
2409 1318 2513 1375 abs·

1479 1408 1582 1467 que
1592 1397 1743 1452 omni
1756 1390 2079 1450 vacillatione
2088 1433 2103 1455 ,
2115 1398 2383 1451 cuitamen
2393 1392 2515 1448 Tel-

1477 1466 1556 1522 lus
1580 1469 1772 1522 virtute
1791 1466 1879 1522 sua
1905 1465 2074 1522 statim
2099 1466 2369 1528 succurrit,
2405 1469 2513 1522 Lu·

1478 1557 1665 1614 naeque
1687 1536 1874 1595 faciem
1889 1537 1957 1595 ad
1978 1539 2028 1595 se
2049 1555 2352 1614 vergentem
2373 1538 2512 1594 resti·

1478 1617 1597 1668 tuit.
1632 1612 1750 1668 Imo
1772 1611 2035 1685 ejusmodi
2055 1611 2380 1668 librationem
2401 1630 2516 1667 om-

1480 1686 1635 1743 nibus
1657 1704 1871 1762 quoque
1892 1685 2116 1742 Planetis
2139 1690 2192 1741 ὃς
2213 1683 2415 1740 Telluri
2438 1690 2514 1760 ip-

378 1761 544 1818 naris,
570 1755 735 1811 modo
760 1754 955 1832 aliquid
976 1756 1290 1812 accedere&
1314 1776 1426 1813 mo·
1474 1756 1519 1812 si
1546 1767 1854 1834 contingere
1889 1765 2077 1817 rationi
2111 1759 2515 1815 consentaneum

381 1828 454 1886 do
467 1827 661 1886 eodem
674 1827 1131 1892 recedere,aBorea
1141 1829 1300 1886 scil.in
1314 1837 1426 1888 Au·
1482 1831 1559 1887 est
1571 1875 1584 1895 ‚
1598 1837 1651 1888 ὃ(
1666 1851 1732 1888 ex
1745 1839 1939 1890 virtute
1952 1832 2196 1891 direffiva
2206 1832 2293 1890 seu
2306 1849 2514 1907 magne·

383 1902 545 1961 strum
571 1945 586 1966 ‚
625 1906 678 1957 δε
698 1903 764 1960 ab
787 1902 959 1959 austro
982 1907 1037 1957 in
1063 1901 1305 1968 boream,
1342 1905 1425 1960 vel
1480 1909 1581 1960 tica
1593 1904 2029 1961 concludendum.

1141 2113 1513 2170 CAPUT
1584 2114 1762 2170 XXI.

469 2273 558 2337 De
591 2270 926 2359 ConjunHione
956 2274 1014 2336 ΕΘ·
1040 2272 1400 2357 Compar-atione
1418 2274 1585 2337 Lunae
1607 2294 1718 2336 cum
1737 2269 2026 2362 Terraqueo
2050 2272 2213 2365 nostru
2241 2271 2413 2338 Globo.

584 2488 864 2546 Onformis
876 2491 1030 2546 Luna
1041 2489 1218 2547 Terrae
1229 2491 1305 2548 est
1326 2518 1340 2548 z

385 2489 574 2670 C
654 2584 698 2616 r.
739 2561 972 2618 Ratione
1008 2561 1185 2637 figurae
1220 2606 1234 2626 ,
1271 2585 1427 2640 quam

590 2634 855 2711 globosam
883 2633 985 2691 effe
1001 2635 1280 2694 necessario
1301 2659 1427 2695 con-

386 2709 618 2768 cluditur
654 2728 721 2765 ex
742 2708 983 2784 adspe6tu
1020 2708 1141 2765 disci
1165 2717 1278 2782 ejus
1312 2731 1428 2787 per·

381 2780 525 2841 feste
549 2783 808 2837 circularis
823 2823 838 2843 ,
873 2786 925 2836 &
952 2781 1119 2836 modo
1138 2785 1426 2858 recipiendi

381 2858 552 2914 lucem
563 2855 697 2911 Solis
710 2878 726 2919 3
749 2873 873 2910 nam
897 2853 934 2908 fi
946 2855 1111 2910 Lunae
1126 2855 1425 2931 superficies

382 2931 537 3008 plana
563 2924 689 2985 esset
713 2970 728 2993 ,
763 2926 955 2983 eodem
994 2946 1272 2986 momento
1308 2949 1425 2989 tota

381 3010 578 3079 pariter
596 3000 977 3058 illuminaretur
1013 3008 1310 3080 pariterque
1340 3022 1423 3062 to-

382 3095 438 3134 ta
459 3074 653 3134 eodem
679 3092 952 3131 momento
974 3074 1088 3131 luce
1110 3084 1423 3152 privaretur;

387 3167 497 3205 non
521 3155 665 3204 enim
727 3163 860 3204 artes
894 3148 1071 3203 Solem
1094 3151 1425 3229 respicientes

388 3220 680 3279 suoceffive·
724 3219 992 3277 ustrentur.

473 3314 521 3346 2.
562 3293 687 3349 Non
713 3300 889 3349 minus
910 3312 970 3350 ac
984 3297 1144 3354 Terra
1156 3315 1248 3374 per
1269 3300 1321 3357 se
1334 3299 1424 3356 ob·

391 3371 533 3427 scura
547 3366 624 3422 est
639 3370 789 3423 Luna
803 3409 816 3429 ,
841 3372 892 3422 &
905 3368 972 3423 ad
984 3372 1336 3446 recipiendum
1354 3393 1432 3430 re-

390 3439 897 3520 percutiendumque
909 3441 1086 3499 lumen
1101 3462 1232 3520 apta·

474 3539 517 3585 3.
556 3517 841 3571 Materiam
878 3521 990 3587 ejus
1012 3515 1112 3574 effe
1148 3518 1354 3578 densam
1379 3525 1431 3577 δε

388 3589 791 3647 solidaszt&

463 3684 517 3732 4.
551 3661 890 3738 Superficiem
927 3669 1041 3734 ejus
1072 3705 1087 3727 ‚
1134 3665 1205 3722 ob
1241 3668 1429 3725 multas

391 3741 705 3793 eminentias
731 3751 888 3812 atque
912 3742 1188 3802 cavitateS,
1223 3760 1330 3817 ope
1354 3757 1428 3798 te·

392 3808 602 3884 lescopii
636 3809 865 3866 deteEtas
903 3851 917 3871 ,
963 3814 1268 3888 inaequalem
1304 3814 1428 3873 sicu·

396 3888 436 3937 ti
473 3882 697 3940 Telluris
732 3926 747 3947 ,
784 3881 1013 3939 diximus
1046 3903 1142 3964 cap.
1167 3903 1317 3944 antec.
1347 3912 1427 3953 17.

398 3960 549 4011 &18.

477 4047 520 4093 5.
562 4027 724 4085 Sicuti
746 4036 800 4085 in
824 4029 1037 4087 Tellure
1063 4032 1234 4090 nostra
1257 4051 1431 4108 partes

399 4099 652 4158 distinctae
674 4102 815 4169 sunt,
840 4110 895 4160 in
919 4104 1182 4164 terrestres
1203 4111 1255 4162 &
1279 4126 1430 4183 aqua-

401 4182 533 4231 ticas
568 4217 582 4237 ,
617 4172 685 4229 fic
705 4180 757 4230 in
795 4176 932 4235 disco
957 4183 1153 4239 Lunari
1191 4179 1431 4238 videmus

399 4246 787 4323 superficierum
809 4250 1155 4311 diversitatem
1172 4297 1184 4316 ‚
1213 4272 1430 4329 quarum

400 4322 514 4380 aliae
550 4327 717 4399 magis
764 4323 872 4382 aliae
914 4335 1090 4385 minus
1137 4325 1428 4405 splendent,

1487 2510 1771 2568 earumque
1808 2493 1907 2549 ads
1931 2494 2069 2552 cestui
2107 2492 2214 2552 fine
2250 2494 2410 2553 dubio
2466 2490 2527 2551 fi-

1491 2564 1629 2621 milis
1679 2564 1803 2620 effet
1848 2584 1877 2620 a
1918 2568 2116 2640 spe&us
2163 2569 2386 2626 Telluris
2422 2611 2437 2632 ,
2483 2567 2522 2623 fi

1490 2645 1605 2714 quis
1642 2635 1673 2691 ὲ
1704 2647 1860 2695 Luna
1896 2640 1981 2695 vel
2016 2639 2106 2695 tali
2153 2639 2302 2696 simili
2337 2641 2518 2697 distan-

1487 2718 1559 2766 tia
1583 2711 1801 2768 Terram
1826 2712 1855 2765 ὲ
1877 2712 1996 2767 Sole
2018 2711 2318 2771 illustratam
2351 2723 2522 2771 intue-

1484 2790 1525 2840 ri
1562 2779 1728 2857 poss'et
1762 2809 1778 2848 3
1831 2783 1969 2847 Nam
2019 2785 2310 2862 superficies
2344 2795 2522 2863 Aqua-

1483 2876 1598 2912 rum
1636 2857 1960 2914 obscuriores
1997 2876 2305 2934 apparerent
2339 2901 2356 2924 ,
2402 2866 2525 2936 quia

1479 2930 1660 2986 lumen
1697 2937 1754 2987 in
1801 2929 1855 2986 se
1890 2936 2146 3008 recipiunt
2183 2974 2199 2997 ,
2242 2933 2524 2990 Terrarum

1479 3019 1653 3133 {ptem
1694 3004 1933 3061 clariores
1954 3046 1968 3068 ,
2003 3010 2126 3081 quia
2157 3007 2335 3063 lumen
2375 3005 2525 3063 refle-

1537 3095 1643 3134 unt.

1558 3166 1610 3207 6.
1649 3146 2122 3227 Qemadmodum
2146 3150 2177 3207 ὲ
2199 3153 2392 3216 Terra,
2415 3159 2524 3208 Lu—

1487 3243 1610 3281 nam
1647 3243 1791 3280 nunc
1817 3222 2060 3283 videmus
2100 3224 2225 3282 orbe
2246 3226 2406 3301 pleno
2452 3227 2526 3282 lu·

1488 3318 1607 3355 cere
1623 3340 1639 3360 ,
1674 3296 1839 3353 modo
1861 3296 2080 3354 dimidia
2101 3316 2250 3375 parte
2271 3304 2368 3356 ὅτε.
2392 3316 2525 3355 non-

1487 3390 1755 3446 nunquam
1779 3378 2002 3428 omnino
2026 3374 2328 3448 conspeetui
2351 3371 2529 3429 nostro

1487 3444 1735 3509 subtrahi,
1769 3443 1981 3522 quando
2005 3453 2254 3504 nimirum
2273 3446 2528 3503 radiisSo-

1490 3518 1678 3575 laribus
1693 3522 1981 3577 occultatur
1997 3561 2010 3581 ,
2030 3525 2103 3575 ita
2114 3518 2391 3576 necessario
2402 3537 2528 3574 con-

1488 3592 1800 3667 spiceremus
1839 3594 2059 3649 Terram
2083 3591 2114 3647 ὲ
2136 3600 2290 3648 Luna
2311 3634 2324 3654 ,
2362 3590 2528 3648 modo

1488 3665 1634 3743 quod
1683 3664 1945 3726 diverfitas
1991 3664 2053 3721 fit
2108 3666 2531 3727 illuminationis,

1487 3759 1607 3797 nam
1645 3759 1761 3816 quae
1796 3740 1859 3797 fit
1895 3757 2004 3795 uno
2033 3740 2205 3796 mense
2240 3748 2298 3797 in
2324 3738 2529 3817 superfi-

1489 3823 1571 3872 cie
1608 3819 1803 3871 Lunari
1828 3857 1844 3879 ‚
1888 3811 1950 3870 fit
1985 3818 2040 3869 in
2076 3813 2292 3872 terrestri
2330 3832 2399 3880 24
2430 3811 2528 3869 ho-

1491 3907 1578 3945 ris.

1564 3961 1724 4020 Unde
1759 3983 1805 4025 7.
1841 3960 1898 4017 id
1930 3959 2076 4037 quod
2111 3957 2300 4017 accidit
2332 3955 2528 4013 inhabi-

1490 4031 1721 4093 tantibus
1756 4034 1974 4090 Terram
2024 4033 2111 4090 die
2159 4039 2361 4107 integro
2400 4052 2414 4083 ε
2460 4034 2527 4086 Et

1488 4116 1656 4165 Lunae
1690 4110 1878 4165 incolis
1910 4150 1924 4173 ,
1955 4106 1994 4163 fi
2032 4104 2194 4163 effent
2218 4148 2232 4168 ,
2269 4103 2528 4159 accideret

1491 4181 1758 4237 menstruo
1789 4180 1955 4256 spatio
1995 4222 2009 4244 ,
2056 4198 2177 4235 cum
2218 4177 2315 4235 hac
2349 4192 2527 4234 tamen

1489 4252 1783 4311 differentia
1800 4297 1813 4317 ,
1838 4253 1985 4330 quod
1997 4258 2088 4328 qui
2111 4258 2165 4308 in
2188 4259 2342 4308 Luna
2358 4249 2443 4313 fit,
2474 4255 2528 4305 δε

1488 4326 1703 4404 quidem
1752 4333 1809 4385 in
1855 4324 2093 4458 infgiori
2140 4323 2525 4465 Hemisplzaerio

2018 4422 2052 4460 2
2404 4414 2524 4454 nam

2566 2518 2707 2561 telluris
2716 2516 2762 2567 ὁ

2543 2577 2641 2633 Lgmc
2649 2581 2765 2624 partu

2540 2623 2711 2726 zm?

2544 3314 2640 3352 sicut
2650 3311 2669 3349 ἃ
2681 3315 2762 3351 nr·

2547 3377 2591 3403 ra
2602 3369 2704 3404 Luna

2546 3415 2745 3467 adspicitur.

2539 3465 2605 3515 fic,
2619 3468 2743 3504 “terit

2546 3516 2731 3569 paribus&

2547 3573 2649 3608 Luna
2660 3573 2741 3606 Ter-

2548 3631 2601 3659 ra.
