3068 4718
545 184 648 237 1⁷4
1118 159 2080 238 LrnssxtQururus.

545 286 629 325 tur
644 310 658 331 ,
671 259 980 341 impossibile
995 261 1099 325 est,
1119 279 1241 318 eum
1253 261 1305 318 se
1329 267 1402 318 ita
1411 278 1588 337 gerere
1642 277 1741 336 cap.
1759 281 1804 315 2.
1820 264 1874 315 &
1890 281 1932 328 3.
1953 260 2099 330 hujus
2112 254 2254 326 libri)
2275 256 2429 316 facile
2479 278 2534 317 er
2552 259 2688 318 hanc

542 339 712 418 posse,
735 354 793 395 ut
818 357 927 395 non
955 335 1172 393 excedat
1195 343 1478 392 terminum
1500 334 1587 388 AE-
1640 334 1865 392 Telluris
1898 331 2153 390 lationem
2191 333 2423 392 resolven
2465 355 2508 390 ae
2532 348 2687 391 erunt

542 418 774 492 quatoris
789 454 803 475 ,
827 431 959 468 neve
984 417 1035 466 in
1063 409 1161 466 hac
1185 414 1387 467 virtutis
1399 408 1584 464 Solaris
1641 405 1971 465 difficultates
2030 406 2348 465 diversorum
2425 423 2687 470 motuum,

544 488 751 565 Sphaera
778 486 843 542 ad
871 493 984 557 ejus
1011 502 1134 540 axes
1154 484 1234 541 vel
1258 484 1399 539 hunc
1414 481 1497 540 vel
1523 480 1581 536 il·
1639 498 1772 557 quos
1795 481 2100 538 Ptolemaici
2138 497 2247 537 tam
2273 482 2382 538 Soli
2409 525 2424 547 ‚
2467 481 2683 557 aliisque

545 563 655 619 lum
676 562 755 632 (id
769 560 845 616 est
859 561 1149 633 Tropicum
1177 558 1466 614 Cancri-vel
1481 555 1583 610 Ca·
1638 555 1884 618 planetis,
1932 573 2051 611 uam
2064 552 2161 629 ipfi
2174 554 2433 612 stellarum
2446 558 2687 613 Fixarum

543 638 789 713 pricotni)
825 632 1146 707 aliquantum
1169 629 1381 687 accedat
1416 627 1584 705 (quod
1625 627 1919 706 ficdic‘laeSp
1937 629 2388 686 taetaeattribuunt.

544 709 864 771 naturaliter,
879 702 1087 780 oblique
1102 703 1177 766 fit,
1188 703 1287 759 scil.
1302 703 1584 760 secundum

1715 707 1858 761 Dum
1871 711 2013 760 enim
2031 708 2210 760 Virtus
2232 699 2501 778 impulsiva
2512 710 2568 760 in
2581 721 2685 759 ma-

544 783 1053 854 Zodiacum‚neque
1068 785 1209 833 enim
1238 777 1378 833 reffii
1398 779 1581 833 abuno
1634 777 1838 847 joribus
1875 775 2182 852 corporibus
2231 783 2488 849 majorem
2525 775 2685 832 habet

544 860 776 930 Tropico
795 854 860 910 ad
902 854 1123 909 alterum
1150 850 1435 907 commode
1472 850 1583 905 fieri
1642 847 1889 908 effecstum
1927 871 1985 907 ac
2005 852 2092 909 illa
2122 852 2335 927 longius
2368 855 2583 924 projicit
2605 856 2684 906 in·

580 929 754 999 otest.)
793 930 891 982 Sed
965 924 1137 982 uando
1163 924 1231 982 ad
1264 925 1586 1001 angustiores

541 952 646 1061 Eos
678 1003 868 1057 Solaris
885 1002 952 1076 Sp
994 1019 1104 1056 aerae
1129 1001 1351 1057 circulos
1369 1043 1382 1064 ,
1404 1020 1486 1055 ex.
1499 1020 1579 1076 gr.

545 1080 834 1152 Tropicum
863 1079 1050 1132 Cancri
1066 1117 1079 1137 ‚
1090 1081 1329 1150 pervenit
1343 1116 1354 1136 ,
1367 1090 1494 1130 tunc
1505 1080 1582 1128 in-

548 1152 656 1208 dita
678 1150 770 1207 ista
784 1158 945 1208 virtus
971 1146 1242 1224 impulsiva
1265 1150 1403 1224 (quae
1420 1153 1584 1223 magis

1678 944 1744 981 ue
1766 924 2006 999 ampliori
2030 923 2451 983 circumferentia
2470 929 2687 980 circum-

1641 946 1786 1055 ducit
1822 1017 1978 1074 quam
2005 1005 2245 1064 minora;
2282 999 2512 1074 sequitur
2540 995 2687 1072 quod

1639 1074 1895 1130 crescente
1920 1073 2111 1135 Terta,
2133 1074 2325 1132 crescat
2337 1090 2551 1150 quoque
2571 1078 2688 1143 ejus

1640 1147 1866 1205 ambitus
1897 1154 2028 1203 circa
2048 1145 2222 1203 Solem
2238 1173 2253 1214 ;
2274 1146 2314 1203 fi
2333 1163 2510 1204 autem
2522 1143 2688 1202 ambi-

542 1227 795 1300 ampliora
818 1224 1029 1299 quaerit)
1056 1224 1322 1278 Planetam
1350 1220 1489 1297 quasi
1511 1241 1581 1278 re·
1641 1238 1724 1278 tus
1738 1229 1850 1294 ejus
1874 1221 1936 1278 fit
1951 1227 2144 1295 major,
2167 1221 2367 1278 tardius
2387 1228 2548 1278 etiam
2573 1238 2687 1295 per-

543 1300 626 1355 tro
650 1300 809 1359 ducit,
836 1302 886 1350 &
913 1313 971 1350 ut
995 1294 1222 1351 diximus
1238 1338 1250 1358 ‚
1280 1296 1491 1371 oblique
1517 1294 1583 1351 ad
1639 1294 1807 1352 ficitur
1821 1295 2068 1371 periodus
2081 1302 2192 1368 ejus
2204 1294 2690 1359 annua,itautTer·

545 1373 855 1445 ampliorem
868 1367 1469 1444 circulum‚AEquatorem
1483 1367 1583 1425 scil.
1642 1389 1695 1425 ra
1708 1388 1846 1426 anno
1858 1372 2098 1446 Tropico
2123 1371 2240 1446 (qui
2254 1369 2569 1446 supponitur
2582 1366 2694 1423 die-

546 1453 738 1502 iterum
756 1442 999 1507 devehit;
1022 1442 1128 1518 quo
1145 1485 1158 1505 ‚
1180 1442 1392 1518 quando
1406 1463 1585 1519 perve-
1642 1463 1756 1499 rum
1778 1457 1893 1514 365,
1916 1444 2027 1500 hor.
2051 1463 2096 1509 5.
2121 1451 2253 1501 min.
2276 1451 2363 1512 48.
2385 1442 2559 1499 secun.
2579 1441 2695 1512 45.)

546 1525 651 1583 nit,
677 1518 821 1574 illum
836 1517 942 1572 haec
953 1522 1115 1575 virtus
1126 1516 1273 1592 (quia
1285 1517 1487 1591 semper
1500 1536 1584 1572 ex·
1644 1536 1749 1575 non
1764 1516 2050 1594 assequatur
2069 1517 2264 1575 stellam
2288 1519 2462 1574 Fixam
2483 1523 2537 1574 in
2561 1515 2697 1571 Ecli-

546 1593 686 1649 ccdit
712 1634 727 1657 ,
759 1590 885 1647 ficut
911 1596 964 1645 in
1004 1590 1430 1647 Oscillationibus
1468 1594 1582 1646 Per·
1684 1596 1781 1648 tica
1803 1598 1886 1647 cui
1903 1600 1959 1648 in
1980 1598 2240 1668 principio
2266 1597 2392 1647 anni
2410 1589 2698 1664 conjunsta

546 1667 949 1743 pendiculorum
960 1663 1046 1719 lib.
1073 1684 1122 1730 4.
1145 1682 1239 1742 cap.
1266 1687 1309 1732 3.
1332 1665 1589 1727 videmus,
1673 1671 1829 1730 uerit,
1855 1664 1946 1722 sed
1969 1673 2040 1740 56
2063 1670 2267 1722 circiter
2293 1679 2431 1722 retro
2467 1676 2696 1723 maneat.

585 1760 663 1797 ua:
677 1739 807 1796 nihil
824 1738 965 1796 aliud
977 1739 1133 1815 quam
1151 1736 1382 1799 excessus
1398 1743 1588 1815 impul·
1645 1739 1697 1794 Si
1736 1740 1862 1797 vero
1898 1741 2065 1797 Terra
2103 1758 2213 1796 non
2250 1735 2528 1816 assequitur
2564 1733 2698 1795 illud
2759 1760 2953 1802 snum„

573 1835 669 1874 1vae
682 1819 886 1873 virtutis
896 1813 1035 1884 sunt)
1058 1812 1125 1868 ad
1146 1813 1449 1888 sequentem
1470 1815 1588 1872 alte·
1646 1812 1912 1891 Eclipticae
1936 1813 2191 1890 punitum
2207 1856 2223 1880 ,
2243 1811 2525 1870 necessario
2544 1827 2701 1889 quot·
2722 1810 2851 1903 Ἦ

550 1910 666 1946 rum
697 1932 709 1951 ,
747 1894 903 1943 etiam
941 1886 1291 1962 angustiorem
1328 1888 1591 1952 circulum,
1647 1894 1799 1944 annis
1818 1888 2115 1964 praecedent
2126 1889 2323 1965 punita
2343 1886 2700 1964 AEquinoffia·
2724 1863 2949 1968 imeffa-

548 1965 840 2039 Tropicum
864 1962 968 2016 scil.
995 1963 1299 2034 Capricorni
1324 1962 1588 2035 perducit;
1642 1960 1712 2017 lia
1724 1981 1784 2017 ac
1798 1962 2100 2020 Solstitialia
2113 1970 2203 2037 56‘:
2217 1982 2283 2020 ex
2333 1981 2405 2019 uo
2415 1963 2701 2019 Ptolemai-
2722 1969 2902 2015 nomiman

546 2055 658 2094 non
681 2035 831 2097 vero,
855 2035 927 2090 ob
954 2031 1143 2089 dietam
1168 2033 1396 2097 causam,
1421 2041 1588 2110 acqui·
1644 2035 2014 2110 ci-fingularem
2038 2053 2247 2092 motum
2262 2056 2298 2092 o
2384 2034 2537 2095 vaefic
2550 2034 2700 2094 <1161oe
2720 2019 2775 2067 ’β’

551 2111 719 2167 escere
755 2107 951 2165 ibidem
1012 2111 1227 2164 ermittit
1240 2147 1254 2170 ‚
1285 2106 1375 2164 sed
1398 2112 1587 2166 iterum

548 2182 802 2261 gradatim
821 2182 971 2238 secun
1013 2199 1105 2236 um
1125 2181 1345 2237 Zodiaci
1381 2180 1468 2237 dis
1493 2181 1591 2238 osr-

546 2265 750 2315 tionem
762 2254 829 2312 ad
842 2255 1147 2328 ampliorem
1162 2253 1311 2309 illum
1324 2259 1457 2310 circu
1479 2275 1584 2318 um,

546 2334 887 2407 AEquatorem
899 2325 1002 2382 scil.
1015 2324 1253 2402 impellit,
1283 2331 1334 2381 &
1349 2326 1454 2382 hoc
1464 2348 1594 2384 con-

548 2412 718 2461 tinuat
740 2401 912 2458 donec
935 2399 1072 2456 Solis
1086 2404 1283 2456 Vortex
1310 2398 1461 2456 durat
1484 2425 1498 2456 ε
1519 2406 1592 2460 vi-

553 2478 619 2536 de
631 2483 787 2535 etiam
799 2473 886 2530 lib.
899 2471 1114 2530 anteced.
1122 2489 1220 2550 cap.
1238 2493 1288 2542 4.
1301 2475 1445 2545 infin.

1643 2108 1869 2184 Sphaerae
1891 2108 2098 2167 stellatae
2121 2110 2497 2175 attribuerunt,
2518 2128 2700 2186 quem,

1645 2200 1851 2239 motum
1912 2182 2374 2258 retrogradationis
2437 2197 2696 2241 vocarunt

1645 2256 1669 2325 (
1708 2259 1759 2311 ui
1783 2261 2038 2312 tamenin
2063 2257 2278 2314 Tellure
2302 2256 2399 2326 est)
2461 2257 2529 2313 ua
2542 2256 2610 2314 de
2636 2275 2694 2313 re

1645 2332 1685 2383 li
1723 2371 1735 2385 .
1763 2349 1809 2382 1.
1834 2345 1936 2404 cap.
1961 2348 2010 2396 4.
2038 2330 2183 2398 infin.
2208 2328 2409 2404 aliquid
2472 2337 2695 2386 iximusz

1645 2401 1885 2462 videatur
1910 2421 2125 2478 quoque
2146 2418 2245 2478 cap.
2267 2423 2307 2471 3.
2325 2411 2503 2478 Parag.
2525 2405 2700 2458 Pone-

1645 2495 1765 2534 mus
1787 2475 1875 2533 lib.
1899 2496 1949 2546 4.
1992 2481 2044 2531 &
2067 2474 2287 2532 anteced.
2327 2493 2425 2552 cap.
2451 2496 2503 2546 4.
2530 2475 2697 2547 infixe

625 2549 829 2607 Eodem
852 2567 1066 2625 quoque
1103 2546 1269 2604 modo
1296 2549 1481 2606 Tellus
1502 2567 1590 2605 an·
1634 2552 1763 2628 fere.

552 2644 712 2684 nuam
735 2626 984 2681 lationem
1001 2665 1014 2685 ,
1051 2627 1184 2678 intra
1207 2620 1309 2681 hos
1329 2623 1591 2699 Tropicos

554 2696 766 2775 oblique
786 2697 898 2753 secu
906 2695 1067 2752 ndum
1081 2695 1373 2754 Zodiacum
1390 2696 1592 2788 perficit

555 2779 608 2829 δε
618 2771 835 2850 quidem
859 2775 914 2826 in
926 2771 1027 2827 Via
1046 2789 1163 2846 quae
1174 2769 1364 2827 dicitur
1377 2771 1487 2828 heli
1531 2777 1592 2827 ti-

554 2867 630 2905 ca.
689 2849 788 2902 Per
821 2863 978 2920 quam
1024 2846 1305 2901 Lationem
1349 2886 1364 2908 ,
1410 2847 1494 2901 Te
1531 2865 1592 2902 us

552 2920 786 2998 (quando
796 2923 1038 2974 nimitum
1052 2925 1328 2993 componit
1339 2938 1455 2976 eam
1470 2938 1591 2975 cum

554 3011 706 3052 motu
724 2993 817 3049 suo
840 2989 993 3047 insito
1017 2990 1229 3064 diurno)
1252 2989 1525 3068 assequitur
1535 2992 1594 3048 fi-

555 3088 679 3125 nem
701 3067 852 3124 suum
872 3065 1239 3124 variandorum
1277 3082 1595 3142 temporum,

556 3142 761 3197 AEstatis
769 3139 866 3195 scil.
882 3142 1172 3214 &Hyemis
1186 3139 1413 3205 ,dierum
1427 3161 1486 3198 ac
1499 3159 1594 3197 no·

560 3215 721 3270 &ium
734 3255 747 3275 ,
776 3215 873 3265 διο.
901 3217 953 3265 &
974 3212 1190 3287 quidem
1210 3212 1396 3290 absque
1414 3215 1591 3290 aliquo

560 3294 717 3345 tertio
749 3283 919 3340 indito
957 3300 1122 3340 motu.
1170 3287 1300 3342 Satis
1335 3288 1412 3343 est
1449 3295 1592 3344 enim

560 3362 718 3418 aestati
732 3364 784 3413 &
798 3355 978 3432 hyemi
993 3399 1007 3419 ‚
1030 3376 1418 3436 augmentoque
1432 3380 1491 3417 ac
1505 3360 1594 3417 de-

560 3448 827 3492 cremento
840 3429 1059 3493 dierum,
1070 3446 1132 3487 ut
1144 3431 1281 3489 Solis
1291 3433 1465 3491 radius
1479 3453 1594 3490 mo-

560 3509 632 3566 do
647 3509 983 3583 AEthorem
994 3505 1222 3563 Telluris
1235 3549 1248 3569 ,
1275 3507 1442 3561 modo
1454 3509 1593 3563 hunc

562 3581 649 3639 vel
665 3585 883 3638 alterum
907 3579 1196 3655 Tropicum
1206 3579 1595 3656 perpendicula·
1620 3570 1628 3626 l

1719 2629 1983 2701 Denique,
1995 2628 2118 2753 quia
2133 2622 2230 2680 hac
2242 2623 2475 2682 Telluris
2486 2631 2701 2682 circum·

1646 2699 1861 2762 latione,
1874 2699 1996 2756 abso
2018 2703 2155 2757 vitur
2174 2704 2307 2755 intra
2321 2717 2519 2755 annum
2541 2741 2556 2762 ,
2582 2699 2700 2754 Ma·

1646 2792 1782 2849 gnus
1793 2772 1878 2828 ille
1900 2772 2042 2829 orbis
2056 2772 2234 2828 Terrae
2244 2811 2261 2835 .
2282 2772 2371 2828 seu
2385 2773 2607 2829 circulus
2621 2776 2699 2827 in·
2752 2783 2897 2844 ‘reuma

1647 2865 1775 2923 gens
1789 2888 1806 2912 ,
1864 2865 1983 2901 uem
1996 2845 2120 2901 aliis
2139 2851 2198 2901 i'n
2212 2842 2514 2921 Hypothefi
2525 2843 2700 2900 Ptole·
2719 2835 2928 2927 ἔξω

1650 2926 1812 2977 maica
1856 2918 1911 2974 ol
1933 2918 2170 2997 quotidie
2183 2915 2370 2976 debeat
2380 2936 2696 2995 percurrere,
2706 2901 2805 2985 'aa'

1648 3002 1721 3052 ita
1742 3011 1802 3051 ut
1852 3012 1907 3050 er
1929 3010 2025 3070 cap.
2043 3016 2092 3061 9.
2120 2990 2206 3047 lib.
2223 3006 2270 3049 6.
2301 2991 2539 3067 perficiat
2561 3009 2692 3070 quo-

1647 3068 1774 3125 libet
1796 3010 1884 3124 die
1913 3087 1981 3136 14
1996 3088 2094 3137 293
2112 3085 2218 3134 714
2240 3067 2475 3123 milliaria
2498 3084 2695 3144 germa-
2716 3080 2908 3131 &anem

1648 3148 1789 3206 nica;
1811 3140 2043 3217 sequitur
2056 3160 2155 3269 per
2182 3139 2324 3196 idem
2347 3157 2444 3214 cap.
2470 3164 2516 3207 9·
2549 3138 2696 3218 quod
2745 3169 2945 3210 Sigan..

1647 3232 2021 3292 promoveatur
2112 3233 2223 3272 erra
2242 3214 2479 3290 quolibet
2494 3214 2582 3272 die
2610 3236 2695 3286 39-
2709 3221 2904 3270 sur-³1¹⁸·-

1653 3313 1674 3347 1
1685 3305 1769 3352 σο,
1827 3288 2025 3346 ualibet
2037 3288 2164 3345 hora
2187 3301 2343 3358 1631,
2362 3308 2475 3345 uno
2488 3293 2693 3345 minuto
2712 3271 2893 3326 '‘fim'·

1652 3385 1715 3428 27
1734 3368 1801 3419 m·
1826 3367 1993 3428 liaria,
2018 3381 2128 3418 uno
2150 3360 2379 3418 secundo
2406 3381 2583 3419 autem
2605 3362 2695 3418 seu

1649 3455 1929 3495 momento
1956 3477 1970 3499 ‚
2004 3435 2285 3493 dimidium
2307 3432 2417 3493 fere
2439 3437 2697 3501 milliaris;

1649 3508 1724 3566 sm
1751 3512 1877 3569 vero
1899 3510 1990 3566 Sol
2015 3509 2219 3566 cursum
2244 3508 2387 3566 illum
2410 3508 2697 3585 perficeret,

1650 3601 1946 3662 peragraret
1988 3603 2097 3640 uno
2135 3588 2343 3640 minuto
2384 3602 2547 3638 10000
2586 3579 2700 3638 fere

564 3662 685 3712 riter
698 3669 888 3729 tangat.
1652 3660 1915 3721 milliaria,
1943 3663 2071 3715 &in
2093 3672 2368 3713 momento
2400 3669 2498 3710 166
2516 3655 2703 3713 millia-

467 3796 473 3802 ·
636 3728 873 3801 Insuper,
897 3722 936 3779 fi
957 3743 1138 3783 verum
1151 3726 1238 3788 sit.
1258 3725 1408 3803 quod
1432 3726 1597 3783 Terra
1620 3700 1626 3812 l
1652 3740 1725 3788 ria
1742 3775 1756 3796 ,
1792 3730 1940 3808 quod
1970 3748 2145 3790 tamen
2180 3746 2359 3789 contra
2382 3747 2602 3787 omnem
2628 3749 2700 3787 ra·

316 3797 515 3886 {232¹ss-
557 3799 830 3859 lentissime
862 3798 1051 3855 crescat
1096 3807 1151 3857 in
1189 3808 1442 3873 majorem
1479 3799 1593 3875 glo·
1612 3814 1624 3957 Ι
1652 3811 1872 3864 tionem,

318 3913 375 3938 nu
393 3909 501 3936 nm-
557 3876 681 3933 bum
706 3874 855 3945 (ficut
871 3871 1045 3929 dehac
1066 3894 1122 3931 re
1146 3873 1342 3951 aliquid
1365 3873 1595 3933 diximus

316 3951 481 3999 gradatio
490 3973 497 3980 -
1612 3961 1616 3974 .

321 4014 384 4038 nu.

346 3747 439 3784 rra-{e
452 3743 535 3783 Stel-

2574 4166 2699 4221 CA·-
