3068 4718
589 232 698 284 214
1211 210 1553 267 LIBER
1629 206 2091 267 SEXTus,

590 308 792 364 laboret
804 305 1171 364 incertitudine
1191 348 1203 368 ,
1220 311 1298 362 uti
1324 324 1391 361 ex
1412 303 1630 360 Tabella
1758 307 1838 360 Ex
1863 301 2054 380 quibus
2078 300 2237 358 caufis
2270 299 2606 361 manifestum
2628 302 2719 367 est,

588 399 619 435 a
662 380 1038 438 udRicciolum
1065 379 1161 436 fol.
1176 387 1451 455 708.patet
1472 403 1488 443 ς
1511 396 1630 434 cau·
1687 376 1834 454 quod
1848 396 1954 434 non
1973 374 2124 432 detur
2136 374 2517 434 viadefiniendi
2530 376 2724 455 aliquid

590 399 1025 515 sfsindicavimus
1045 453 1132 509 lib.
1158 472 1201 518 5.
1221 470 1316 529 cap.
1338 473 1401 507 ιο
1425 477 1440 518 3
1464 455 1629 507 Mini·
1685 456 1812 507 certi
1836 451 1904 507 de
1929 448 2185 523 ejusmodi
2208 468 2425 526 corpore
2448 466 2539 508 aut
2548 452 2726 528 globo,

591 545 678 583 ma
704 529 831 584 vero
856 526 1142 591 diversitas,
1164 530 1267 582 hoc
1290 526 1367 582 est
1389 567 1401 587 ,
1425 545 1528 582 una
1559 525 1628 580 se-
1683 531 1885 596 majore
1898 540 2054 599 atque
2066 528 2297 590 minore,
2320 543 2387 581 ex
2410 524 2723 601 magnitudi-

587 599 786 666 cunda‚
820 621 934 676 quae
970 607 1023 656 in
1062 600 1320 658 diametro
1359 603 1627 675 apparenti
1685 615 1751 655 ne
1804 598 2411 672 uaeoculispraesentatur.

588 670 779 730 horum
804 675 1055 731 astrorum
1080 679 1368 735 invenitur,
1435 675 1514 730 lus
1542 670 1623 729 vel
1755 620 2117 748 Qantumvis
2134 686 2311 728 autem
2333 668 2629 731 diffentiant
2651 675 2725 726 A·

587 751 765 805 minus
795 791 810 811 ‚
845 746 1202 804 incredibilem
1266 752 1362 803 arit
1426 742 1626 801 ‘fleren-
1683 742 1932 802 stronomi
1963 746 2059 801 hac
2082 751 2135 800 in
2160 764 2217 800 re
2245 751 2519 810 ‚certiores
2541 763 2722 803 tamen

584 824 710 875 tia-m
726 823 1204 897 magnitudinis,ne
1247 817 1624 882 um,una,duae,
1681 814 1888 880 sumus,
1930 818 2075 893 poffe
2110 819 2497 894 magnitudines
2532 817 2724 874 horum

582 894 666 948 vel
680 910 780 949 tres
797 901 1034 958 minutae,
1055 913 1170 971 quae
1195 894 1379 968 saepius
1399 891 1518 968 plus
1541 892 1624 948 vel
1682 907 1963 967 corporum
2014 890 2396 968 comprehendi
2455 896 2721 952 terminis,

578 969 755 1023 minus
766 968 900 1025 astro
913 969 1060 1026 alicui
1073 968 1391 1044 affignantur.
1414 988 1454 1033 3.
1469 971 1519 1021 A
1532 963 1623 1021 sin-
1671 969 1824 1034 juxta
1834 963 2026 1022 scilicet
2035 985 2215 1024 eorum
2228 969 2483 1023 Lationes
2494 961 2723 1040 periodi·

580 1040 747 1112 gulari
782 1060 968 1099 natura
1006 1045 1090 1101 vel
1118 1043 1366 1118 qualitate
1388 1041 1546 1095 Lucis
1569 1043 1622 1094 &
1673 1055 1758 1093 cas
1769 1042 1900 1093 circa
1924 1039 2120 1095 Solem.

580 1114 845 1179 Luminis,
873 1115 999 1172 dum
1014 1134 1198 1192 parum
1212 1110 1408 1170 interfit
1430 1133 1523 1169 cor
1561 1131 1619 1167 o·
1751 1114 1826 1166 Ut
1839 1117 1979 1167 enim
1992 1113 2240 1187 periodus
2253 1117 2544 1172 uniusanni
2559 1113 2609 1169 se
2630 1109 2720 1166 ha-

580 1192 647 1240 ris
684 1189 871 1246 Lucidi
893 1207 981 1247 aut
1015 1187 1310 1251 Luminosi,
1349 1207 1414 1243 an
1441 1206 1531 1242 mu
1553 1191 1619 1243 tis
1677 1182 1766 1239 bet
1785 1183 1851 1241 ad
1864 1204 2055 1261 corpus
2079 1186 2339 1243 Telluris1
2367 1211 2382 1252 ;
2419 1186 2488 1243 fic
2505 1202 2715 1315 praeter-

579 1260 805 1318 millibus
838 1263 1134 1319 milliarium
1171 1264 1254 1319 vel
1291 1267 1448 1316 etiam
1470 1260 1618 1315 semi-
1676 1275 1889 1332 propter
1914 1260 1966 1315 se
1991 1258 2204 1317 habebit
2229 1260 2480 1334 periodus
2539 1267 2712 1319 aturni

581 1331 951 1391 diametrorum
1008 1334 1353 1390 Terrestrium
1404 1339 1620 1408 propin·
1680 1338 1771 1398 29}
1785 1351 2043 1390 annorum
2070 1376 2084 1397 ‚
2107 1332 2173 1389 ad
2187 1334 2718 1409 corpusSaturni293.

579 1412 735 1482 quius
759 1448 773 1470 ,
824 1427 889 1463 an
926 1408 1051 1466 vero
1088 1412 1339 1464 remotius
1374 1406 1474 1471 [ιτς
1510 1406 1622 1462 nul·
1744 1409 1822 1461 Ex
1835 1405 2367 1484 quibussequiturper
2382 1407 2615 1483 tegulam
2627 1425 2716 1464 au·

573 1480 623 1535 la
654 1487 795 1536 enim
833 1487 1114 1557 percipitur
1150 1479 1383 1546 alteratio
1421 1486 1622 1555 magni·
1674 1495 1813 1534 team
1829 1481 2169 1552 &cujuslibet
2183 1483 2411 1539 Planetae
2422 1477 2719 1557 periodum,

572 1553 772 1684 audisis
808 1561 947 1627 ejus,
988 1563 1068 1612 uti
1105 1553 1191 1610 lib.
1227 1575 1276 1624 4.
1305 1571 1406 1631 cap.
1438 1574 1517 1623 14.
1548 1557 1622 1612 vi·
1674 1568 1769 1626 cap.
1786 1553 2011 1681 c‹imteeeel
2048 1578 2129 1611 11.
2171 1563 2229 1612 in
2254 1555 2363 1612 fine
2398 1553 2720 1622 indicatam,

614 1646 681 1684 en
725 1647 827 1684 um.
1675 1643 1781 1700 quo
1842 1647 1856 1679 ε

919 1753 1197 1810 Saturnus,
1245 1752 1273 1818 'l
1766 1750 1810 1888 ξ
1831 1764 1934 1820 29¹3

918 1832 1120 1901 Jupiter
1247 1819 1366 1956 Jfit
1390 1829 1556 1896 major
1590 1821 1755 1878 Terra
1835 1844 1900 1881 12
1959 1751 2006 1975 l>
2056 1913 2067 1922 .
2102 1914 2112 1924 .

2020 1907 2228 1970 vicibus.

917 1905 1067 1957 Mars
1871 1917 1903 1951 2

911 1992 1098 2114 {lienus
1132 2062 1142 2072 .
1233 1989 1350 2111 }fit
1378 2024 1549 2076 minor
1585 1990 1806 2111 Terrii{
1885 1994 1909 2089 ζ’
1976 1980 1987 2056 Ι

981 2075 1208 2116 ercunus
1879 2095 1904 2126 τ
1957 2057 1986 2124 J

1298 2268 1714 2322 CAPUT
1801 2265 1935 2320 XV.

1183 2425 1281 2490 ‚An
1306 2424 1357 2485 in
1379 2420 1601 2485 Planetis
1619 2417 1723 2502 fine
1755 2421 2009 2492 Animalia
2035 2425 2060 2485 ἓ

769 2574 899 2632 Uod
946 2574 1014 2632 de
1059 2574 1212 2631 Luna
1259 2578 1596 2650 antiquorum
1661 2577 1769 2630 rius
1786 2582 1986 2651 generis
2006 2573 2360 2633 inhabitatores
2374 2575 2480 2650 fint
2506 2580 2561 2635 in
2580 2579 2698 2637 aliis

556 2574 1204 2777 QPhilosophorum
1230 2647 1443 2724 quidam
1471 2646 1595 2706 affe·
1644 2648 1821 2713 stellis,
1834 2654 1932 2706 &c.

766 2741 982 2782 ruerunt
1004 2765 1018 2786 ,
1055 2722 1296 2778 animalia
1321 2722 1592 2779 scilicetin
1727 2723 1787 2777 In
1836 2742 1993 2799 quam
2040 2722 2352 2781 sententiam
2395 2727 2699 2801 propendet
2717 2744 2935 2801 septais...

549 2799 610 2856 ea
623 2798 750 2868 effla
774 2799 838 2855 ad
852 2795 1325 2874 reliquosPlanetas
1338 2796 1589 2857 extende·
1655 2795 1886 2868 Keplerus
1908 2838 1924 2860 ,
1962 2795 2088 2852 dum
2125 2795 2464 2855 Astronomia
2498 2799 2695 2875 Optica
2713 2799 2844 2840 Μὴ·

545 2889 667 2930 runt
688 2870 969 2930 Heraclides
990 2912 1004 2933 ,
1026 2873 1178 2947 Pytha
1211 2876 1328 2925 oraei
1353 2873 1414 2934 ξς
1436 2872 1588 2926 Sella·
1650 2885 1764 2942 pag.
1784 2889 1885 2934 250
1899 2875 1950 2926 &
1963 2876 2014 2926 in
2028 2865 2382 2926 differtatione
2403 2891 2524 2929 cum
2542 2873 2693 2932 Nun-

479 2990 482 2992 *
546 2962 678 3003 tores
699 2950 885 3022 orphei.
927 2945 1066 3001 Nam
1089 2961 1149 3000 ut
1192 2951 1390 3019 patium
1402 2950 1456 3001 in
1477 2962 1586 3021 quo
1649 2947 1732 2996 cio
1743 2941 1960 3000 Sidereo
1971 2961 2087 3019 pag.
2108 2964 2184 2997 10.
2202 2941 2326 2999 dicit
2351 2968 2365 2999 ε
2387 2953 2495 3001 Veri
2505 2968 2598 3002 non
2609 2948 2694 3004 ab·
2732 2947 2740 2955 ”

548 3019 744 3097 degunt
776 3020 859 3078 vel
890 3016 1165 3076 subsistunt
1199 3018 1428 3074 Planetae
1456 3060 1470 3081 ‚
1509 3016 1586 3074 est
1635 3014 1795 3083 fimile
1807 3019 2014 3087 effe,non
2026 3031 2213 3073 tantum
2223 3022 2276 3070 in
2289 3027 2436 3083 Luna,
2437 3019 2539 3089 fied
2547 3028 2696 3079 etiam

544 3113 711 3150 unum
736 3094 984 3169 idemque
1004 3132 1020 3155 ,
1045 3089 1114 3146 sic
1134 3097 1186 3146 in
1224 3099 1301 3146 uit
1320 3091 1585 3147 Cardinalis
1646 3094 1698 3143 in
1716 3093 1852 3159 Jove
1860 3091 1959 3165 ipfh
1971 3093 2145 3145 incolas
2158 3091 2248 3161 effe
2261 3132 2274 3152 ‚
2300 3095 2394 3146 διο.

544 3168 747 3235 cusanus
774 3174 828 3222 in
847 3166 934 3221 lib.
952 3187 999 3219 2.
1028 3162 1095 3220 de
1118 3112 1273 3221 do2la
1293 3170 1586 3240 ignorantia
1715 3163 2380 3227 EtPat.AntoniusReita,
2406 3165 2532 3223 dum
2546 3167 2688 3225 dieto

541 3239 704 3312 (apud
718 3240 926 3295 Reitam
939 3244 996 3294 in
1009 3237 1190 3293 Oculo
1204 3239 1381 3295 Enoch
1396 3242 1448 3293 &
1462 3238 1587 3296 Eliae
1642 3234 1763 3291 loco
1775 3242 1847 3292 ita
1860 3235 2079 3293 differit:
2106 3238 2244 3293 Certi·
2264 3259 2367 3293 cum
2387 3238 2511 3296 adeb
2533 3242 2685 3298 multa
2707 3246 2891 3308 Μηίων·

301 3342 503 3382 cmgmu,
541 3313 630 3368 lib.
667 3331 718 3380 4.
745 3331 805 3368 ca
841 3352 853 3364 .
885 3333 929 3364 1.
954 3309 1046 3365 fol.
1075 3314 1200 3375 179)
1227 3320 1325 3364 Per
1348 3314 1583 3368 hominem
1640 3307 1798 3364 adhuc
1808 3310 1897 3381 effe
1910 3317 1963 3366 in
1983 3314 2151 3374 Coelis,
2174 3329 2279 3384 quae
2291 3331 2376 3366 nos
2399 3315 2584 3380 latent,
2601 3336 2682 3370 no-
2704 3308 2837 3353 '‘m“-

300 3392 515 3454 cusanisen-
540 3408 629 3441 non
643 3386 803 3456 effesbi
836 3385 928 3446 ile,
943 3405 1003 3437 an
1016 3389 1147 3457 regio
1161 3383 1392 3449 Terraefit
1401 3390 1455 3438 in
1466 3407 1581 3462 gra-
1637 3383 1726 3446 llri
1749 3391 1977 3459 temporis
2001 3400 2075 3439 tot
2100 3390 2238 3439 novis
2258 3390 2384 3440 circa
2404 3394 2682 3454 Saturnum.

302 3452 425 3485 “²¹²⁸“
541 3458 608 3515 du
623 3459 900 3534 perfec‘liori
912 3471 995 3512 aut
1001 3454 1280 3534 ignobiliori
1292 3458 1496 3532 respectu
1509 3479 1581 3514 re·
1636 3454 1817 3516 Jovem
1834 3460 1895 3520 ἐς
1907 3459 2030 3513 alios
2043 3467 2255 3513 Errones
2268 3456 2471 3515 detec‘iis
2481 3463 2676 3516 Phaeno-

533 3540 730 3605 gionum
764 3533 971 3586 aliarum
1003 3531 1271 3594 stellarum.
1337 3533 1462 3584 Nam
1495 3531 1586 3601 etfi
1634 3535 1786 3585 menis
1819 3531 1970 3586 tacite
2004 3536 2142 3587 innui
2165 3533 2227 3595 ξς
2249 3539 2394 3609 argui
2415 3531 2645 3590 videatur
2654 3561 2676 3598 ,-

540 3616 677 3659 Deus
710 3606 781 3674 fit
826 3619 1037 3658 centrum
1089 3605 1149 3666 ξς
1200 3608 1581 3674 circumferentia
1631 3605 1741 3657 hinc
1752 3610 1977 3672 majorem
1988 3624 2072 3659 nos
2087 3610 2192 3672 jam
2204 3611 2353 3661 etiam
2353 3607 2595 3681 paulatim
2612 3607 2678 3664 de

542 3684 747 3732 omnium
757 3678 1009 3742 stellarum
1032 3717 1047 3738 ,
1087 3679 1147 3739 ξς
1172 3674 1232 3730 ab
1255 3678 1350 3752 ipfh
1375 3673 1580 3746 diversae
1630 3677 1746 3732 aliis
1783 3675 1940 3734 adhuc
1947 3677 2248 3753 partialibus
2270 3678 2462 3733 mundis
2494 3720 2508 3741 ,
2542 3680 2682 3739 nobis

541 3749 817 3805 nobilitatis
829 3765 1015 3804 naturae
1018 3749 1282 3825 procedant
1294 3755 1345 3802 in
1368 3749 1582 3822 qualibet
1632 3754 1815 3824 ignotis
1841 3793 1857 3814 ,
1881 3749 2158 3825 suspicandi
2182 3791 2198 3814 ,
2228 3752 2684 3830 philofitphandique

541 3829 735 3900 regione
746 3822 1019 3879 habitantes
1033 3866 1046 3886 ‚
1069 3842 1126 3877 ne
1138 3837 1212 3877 tot
1231 3824 1334 3876 loca
1355 3824 1581 3879 Coelorum
1634 3827 1817 3893 causam
1837 3823 2014 3879 habere
2034 3822 2257 3879 videmus
2280 3866 2294 3885 ‚
2330 3844 2471 3897 quam
2495 3827 2680 3902 ipfimet

546 3900 606 3959 ξς
608 3898 860 3963 stellarum
870 3896 969 3963 fint
983 3917 1134 3951 vacua
1149 3898 1207 3958 69*
1221 3916 1310 3949 non
1325 3897 1481 3965 solum
1493 3901 1580 3963 ista
1634 3901 1849 3954 Veteres
1886 3899 1946 3960 ἐξ
1998 3897 2232 3954 Cusanus
2245 3936 2257 3948 .
2322 3898 2679 3957 Admirandum

544 3974 695 4024 Terra
712 3970 912 4043 fortaffls
926 3969 987 4023 de
1003 3967 1268 4024 minoribus
1282 3967 1448 4025 habita
1468 3994 1484 4035 ;
1508 3986 1582 4026 ta·
1631 3976 1758 4025 enim
1795 3970 1998 4044 systema
2038 3972 2222 4043 joviale
2246 4012 2261 4034 ,
2295 3968 2326 4023 ὰ
2349 3971 2678 4041 fimilitudine

544 4063 650 4095 men
673 4044 1012 4097 intellec‘lualis
1026 4058 1200 4097 natura
1213 4061 1315 4115 quae
1335 4045 1411 4097 hic
1422 4049 1474 4097 in
1496 4046 1582 4099 hac
1631 4053 1775 4099 Lunae
1787 4044 2024 4100 Tellurem
2037 4044 2233 4111 nostram
2246 4057 2349 4099 tam
2360 4043 2484 4101 bello
2501 4049 2561 4109 ξς
2575 4050 2676 4113 sta-

543 4118 695 4168 Terra
706 4114 894 4170 habitat
921 4118 980 4178 ξς
993 4122 1043 4169 in
1056 4119 1149 4185 Jua
1161 4121 1377 4188 regione,
1398 4137 1488 4170 non
1503 4123 1579 4171 vi·
1631 4131 1680 4170 to
1702 4116 1871 4172 ordine
1892 4117 2145 4173 ambientis
2165 4156 2179 4178 ,
2205 4119 2358 4187 nescio
2378 4121 2503 4193 quid
2511 4119 2673 4189 fimile

544 4185 691 4241 detur
701 4188 906 4242 nobilior
921 4203 1062 4261 atque
1074 4190 1326 4264 perfeflior
1343 4188 1455 4243 dari
1456 4191 1582 4263 poste
1630 4192 1784 4251 nollro
1821 4194 1931 4246 huic
1964 4188 2138 4245 mundo
2162 4194 2393 4264 inferiori
2417 4194 2564 4248 tacite
2596 4199 2670 4247 in—

529 4259 794 4328 fecundum
821 4264 938 4316 hanc
962 4277 1182 4316 naturam
1206 4303 1220 4323 ‚
1257 4260 1442 4327 etiamsi
1462 4262 1583 4318 alte·
1633 4278 1779 4319 nuat:
1802 4270 1876 4320 ita
1892 4279 1947 4319 ut
1960 4263 2133 4319 meritb
2135 4262 2370 4340 suspicari
2382 4267 2546 4328 liceat,·
2555 4263 2682 4340 quid

2617 4359 2671 4392 tn
