3068 4718
595 239 688 298 158
1164 234 1491 286 LIBER
1565 231 2120 305 Qurnrus,

595 341 867 407 Aquarum
893 334 1057 385 mutui
1088 329 1350 391 occursus,
1386 330 1624 385 locorum
1689 336 1866 384 tione:
1892 347 2031 403 quae,
2054 344 2348 404 quanquam
2362 335 2579 386 minima
2595 334 2647 386 δε
2671 335 2726 387 in

592 405 621 458 a
639 412 717 461 via
729 408 922 459 Lunari
937 402 1323 465 distantia,varii
1338 406 1512 466 Venti,
1527 407 1620 457 ὅτε.
1688 404 1826 457 Mari
1856 409 2078 457 omnino
2091 403 2509 477 imperceptibilis
2537 402 2623 467 fit,
2651 420 2726 459 ta-

588 478 768 552 saepius
788 473 1099 532 differentias
1126 473 1315 531 faciant
1340 482 1392 530 in
1410 474 1627 533 diversis
1685 493 1806 530 men
1829 475 1900 530 ob
1912 474 2119 530 Oceani
2143 474 2432 533 vastitatem
2444 475 2597 532 nobis
2619 496 2725 533 ma-

591 552 739 607 locis.
1692 565 1793 621 gna
1808 547 2012 604 videtur
2026 553 2079 602 in
2090 549 2362 606 littoribus.

663 627 902 680 Maxima
947 631 995 680 A
1036 640 1112 677 uae
1149 622 1541 678 intumescentia
1574 626 1626 676 in
1759 621 1899 677 Cum
1936 627 2108 694 itaque
2130 622 2310 679 Tellus
2337 665 2352 687 .
2435 642 2488 679 er
2515 638 2719 678 motum

585 697 704 753 loco
718 703 919 773 quovis,
933 714 992 750 or
1031 693 1191 750 inarie
1205 692 1306 749 esse
1325 693 1491 756 debet.
1509 713 1629 750 cum
1687 699 2169 769 circumgyrationis
2180 695 2383 770 semper
2392 642 2491 751 lese
2502 695 2728 770 aliquan·

586 775 739 825 Luna
755 765 1106 825 Meridianum
1135 775 1246 838 ejus
1281 769 1386 822 loci
1410 783 1629 841 occupat
1687 783 1799 821 tum
1826 769 2045 823 Oceano
2078 767 2326 825 subducat
2361 770 2528 826 versus
2551 776 2725 824 orien-

590 844 907 917 (supremum
937 840 1020 898 vel
1051 842 1237 910 imum)
1264 839 1358 895 nisi
1373 860 1488 896 eam
1506 860 1629 914 prae-
1689 853 1796 893 tem
1822 881 1835 901 ‚
1888 845 1939 894 &
1967 843 2112 896 illum
2139 883 2154 905 ‚
2189 858 2434 917 tanquam
2458 847 2724 900 materiam

345 940 446 972 Luna
467 932 566 983 plena
589 918 849 971 dictorum
862 913 1099 990 quaedam
1128 913 1419 987 impediant
1446 938 1458 967 ε
1492 918 1630 969 Hinc
1686 912 1965 986 liquidam,
2001 915 2120 989 post
2154 915 2204 972 se
2251 933 2433 989 parum
2470 913 2726 989 relinquat

342 985 492 1077 &¹¹7³
513 986 565 1021 ¹⁴²¹·
590 997 644 1044 in
673 991 800 1045 locis
827 993 991 1044 Maris
1014 992 1097 1042 cui
1114 990 1261 1042 Luna
1274 987 1524 1043 verticalis
1539 987 1629 1048 est,
1690 986 1860 1041 versus
1885 987 2213 1045 occidentem
2229 1031 2241 1050 ,
2279 1008 2423 1065 aquoe
2449 1002 2626 1042 autem
2642 1006 2726 1042 na-

341 1048 814 1136 {?a''r2⁶0‘12sa-affiuxus
841 1066 891 1116 &
917 1060 1158 1116 defluxus
1171 1059 1247 1115 est
1260 1069 1521 1117 maximus
1538 1103 1550 1122 ‚
1579 1066 1630 1114 &
1687 1072 1799 1113 tura
1812 1057 1870 1113 fit
1882 1059 2080 1134 semper
2092 1063 2141 1118 se
2165 1062 2231 1118 ad
2245 1062 2728 1118 horizontalitatem

343 1147 414 1177 mr.
588 1137 694 1212 quo
745 1152 878 1192 artes
893 1139 1056 1191 Maris
1069 1135 1132 1190 ab
1144 1135 1370 1190 illoloco
1385 1140 1627 1189 remotio·
1686 1138 2053 1199 convertendi;
2094 1134 2376 1192 necessario
2390 1134 2618 1210 sequitur
2638 1134 2730 1190 ali-

591 1230 674 1266 tes
698 1155 815 1266 sunt
832 1253 845 1273 ,
866 1211 931 1264 eo
945 1208 1205 1264 minor·est
1218 1204 1441 1264 affluxus
1466 1213 1518 1263 &
1540 1207 1626 1263 de·
1654 1257 1660 1281 ¹
1725 1203 1854 1262 ualis
1888 1213 2056 1261 motio
2083 1232 2097 1271 ς
2147 1229 2260 1283 quae
2294 1208 2617 1283 impoffibilis
2653 1206 2730 1262 est

587 1282 761 1339 fluxus
787 1326 800 1347 ,
821 1289 1019 1338 caeteris
1039 1282 1260 1357 paribus.
1301 1286 1359 1336 In
1403 1279 1626 1337 Plenilu-
1711 1285 1830 1353 quia
1867 1295 2038 1336 totum
2052 1300 2191 1336 mare
2258 1301 2311 1336 er
2335 1287 2600 1336 Americam
2624 1279 2730 1336 five

587 1362 686 1410 niis
699 1362 749 1410 &
764 1357 1057 1410 Noviluniis
1069 1395 1083 1415 ‚
1106 1355 1354 1410 testantur
1371 1355 1558 1411 Nautae
1575 1359 1627 1409 &
1685 1359 1881 1407 Terram
1902 1364 2090 1409 Novam
2105 1374 2207 1430 qua
2229 1373 2243 1409 1
2273 1354 2490 1412 divisum
2508 1354 2617 1423 est)
2633 1353 2722 1409 ali-

594 1433 910 1502 experientia
933 1469 945 1490 ‚
986 1427 1427 1482 intumescentiam
1461 1430 1624 1483 Maris
1683 1440 1761 1480 ter
1786 1425 1921 1489 fieri,
1963 1448 2119 1504 quam
2146 1446 2243 1503 per
2266 1428 2384 1484 istas
2412 1426 2542 1482 duas
2567 1423 2718 1482 simul

581 1512 837 1569 majorem
852 1498 1119 1575 essequam
1135 1505 1188 1554 in
1203 1499 1451 1575 plerisque
1470 1506 1622 1576 parti-
1685 1499 2106 1558 intumescentias
2126 1545 2139 1564 ,
2198 1506 2250 1557 &
2289 1502 2416 1557 duas
2466 1498 2726 1556 detumes-

588 1574 713 1637 bus,
734 1574 832 1631 scil.
847 1581 898 1629 in
915 1573 1161 1648 Qadris.
1679 1578 1872 1628 centias
1906 1584 2131 1648 partium
2170 1573 2542 1650 oppositarum.
2611 1577 2724 1628 Un-

659 1651 835 1719 Majus
850 1663 1232 1703 accrementum
1259 1651 1309 1701 &
1324 1645 1620 1702 decremen-
1683 1643 1747 1698 de
1793 1647 2002 1720 quando
2051 1647 2189 1722 apud
2239 1667 2337 1704 nos
2385 1654 2515 1703 circa
2560 1654 2719 1703 meri·

584 1738 697 1777 tum
712 1720 1320 1796 recipiuntealoca‚quae
1331 1719 1514 1776 suntin
1527 1738 1617 1776 zo·
1679 1714 1819 1773 diem
1845 1719 1917 1774 est
1943 1721 2366 1783 intumescentia,
2394 1720 2469 1775 est
2533 1737 2712 1793 uoque

583 1813 652 1849 na
663 1796 999 1852 torridaintra
1010 1796 1285 1870 Tropicos,
1296 1800 1420 1870 quip
1463 1813 1620 1849 ecum
1674 1788 1758 1847 illa
1787 1792 1925 1869 apud
1967 1794 2264 1868 Antipodas
2311 1799 2365 1849 in
2414 1811 2498 1848 me
2537 1799 2587 1847 ia
2636 1791 2708 1847 ibi

583 1870 734 1925 Luna
771 1871 845 1925 ibi
867 1868 1053 1924 habeat
1079 1875 1330 1942 majorem
1359 1811 1622 1932 eligam,
1675 1866 1832 1922 noste
1849 1909 1862 1928 ‚
1883 1871 1935 1920 &
1960 1867 2173 1942 quando
2201 1882 2231 1923 6
2258 1866 2403 1924 horis
2426 1881 2547 1921 ante
2559 1875 2714 1924 meri-

586 1947 817 1998 &motio
832 1942 1136 1998 Oceanisub
1149 1943 1429 2018 AEquatore
1458 1948 1621 2016 magis
1680 1940 1819 1997 diem
1833 1939 1935 1996 fuit
1960 1940 2114 1998 nobis
2141 1941 2570 2004 detumescentia,
2608 1937 2712 1996 fuit

588 2015 663 2070 est
675 2034 828 2090 quam
842 2015 1009 2071 versus
1023 2015 1201 2072 Polos.
1674 2033 1886 2090 quoque
1901 2014 1987 2070 illa
2002 2014 2360 2090 Antipodibus
2383 2030 2414 2071 6
2430 2016 2573 2070 horis
2591 2011 2710 2088 post

658 2090 932 2163 'lempore
944 2087 1613 2165 quoqueAEquinostiorum
1669 2087 1942 2144 meridiem
1970 2129 1985 2149 ,
2023 2097 2219 2144 caeteris
2253 2105 2425 2143 tamen
2465 2086 2706 2160 paribus,

581 2167 747 2231 major
769 2161 980 2219 sentitur
1015 2162 1410 2218 intumescentia
1433 2163 1617 2223 Maris,
1665 2179 1778 2234 quae
1815 2161 1881 2216 de
1917 2157 2154 2216 locorum
2195 2159 2394 2219 diverso
2432 2158 2531 2216 fitu
2569 2159 2701 2215 dixi-

581 2236 1278 2311 quaminaliistemporibus.
1317 2239 1458 2289 Varii
1479 2231 1615 2288 varie
1670 2251 1801 2288 mus.

582 2308 720 2364 hanc
733 2309 937 2364 Oceani
951 2314 1265 2381 reciprocam
1278 2310 1615 2380 agitationem
1741 2304 1913 2380 Qod
1936 2321 2108 2360 autem
2131 2311 2184 2360 in
2221 2305 2385 2380 pleni·
2404 2310 2455 2360 &
2491 2304 2699 2363 novilu-
2757 2313 2862 2350 tuna
2884 2322 2952 2352 m

583 2383 845 2456 explicant
869 2405 881 2434 ε
921 2397 1143 2454 quorum
1166 2387 1407 2434 omnium
1429 2377 1615 2433 catalo-
1669 2382 1791 2440 niiS‚
1809 2384 1971 2448 major
1987 2378 2378 2433 intumescentia
2389 2380 2700 2441 existat,hoc
2721 2360 2926 2462 {5222

580 2471 703 2527 gum
720 2452 1285 2527 exhiberesuperfluum
1299 2450 1581 2507 censemus.
1670 2459 1910 2524 provenit
1950 2450 1979 2504 a
2018 2457 2219 2522 majore
2255 2467 2379 2505 tunc
2403 2457 2702 2524 operatione
2724 2462 2910 2524 aliquus·

657 2529 894 2581 Maxima
931 2542 1106 2582 tamen
1129 2543 1243 2601 pars
1268 2536 1447 2579 eorum
1474 2564 1488 2585 ,
1527 2530 1614 2580 tri·
1642 2568 1649 2605 s
1671 2528 2134 2600 Lunariscorporis
2146 2529 2198 2579 in
2214 2541 2381 2581 totam
2408 2523 2949 2615 T'ellurem31m*

582 2597 749 2655 buunt
786 2599 923 2655 illam
952 2603 1114 2656 Lunae
1137 2619 1197 2655 ac
1231 2600 1364 2654 Solis
1387 2597 1616 2653 motibus
1670 2596 2040 2674 consequenter
2074 2595 2222 2654 simul
2259 2605 2418 2655 etiam
2455 2602 2511 2654 in
2534 2597 2790 2656 Ocea-uz

343 2684 459 2744 οἰκῇα
482 2688 560 2722 Ma·
586 2678 636 2728 &
659 2671 962 2730 influxibus.
999 2672 1105 2728 Sed
1128 2670 1217 2729 etsi
1239 2675 1416 2736 Luna,
1441 2670 1616 2747 quoad
1674 2691 1816 2727 num.
1852 2676 1912 2726 In
1963 2689 2032 2726 uo
2054 2687 2259 2748 propter
2274 2677 2389 2743 ejus
2409 2671 2702 2730 vastitatem

341 2734 525 2784 ''⁸AEs'us·
586 2753 840 2818 majorem
877 2748 1325 2803 intumescentiam
1374 2763 1614 2821 magnam
1673 2691 2158 2819 potiusinslluentias
2170 2745 2282 2801 suas
2295 2740 2502 2803 efficere
2514 2746 2704 2822 potest,

584 2819 772 2877 habeat
795 2826 1156 2896 operationem
1168 2821 1252 2875 seu
1269 2826 1374 2876 vim
1392 2823 1447 2873 in
1462 2823 1618 2883 Mari,
1674 2837 1829 2895 quam
1842 2824 1895 2874 in
1946 2826 2078 2874 arvis
2091 2819 2328 2874 Maribus
2343 2825 2395 2875 &
2409 2839 2525 2895 quae
2535 2826 2702 2895 magis

582 2910 756 2949 tamen
794 2913 903 2948 non
942 2911 1056 2950 tota
1077 2894 1221 2950 causa
1244 2898 1410 2948 Maris
1435 2893 1616 2955 Alfius,
1672 2909 1871 2948 remota
1892 2839 2006 2948 AEnt
2036 2891 2065 2944 a
2084 2898 2279 2948 vertice
2306 2895 2481 2948 Lunae.
2546 2901 2709 2969 Aqua

587 2966 1078 3042 dependetis-Luna
1103 2965 1286 3022 Namfi
1300 2964 1619 3041 dependeret
1673 2973 1814 3021 enim
1837 2982 2070 3020 naturam
2110 2962 2267 3021 habet
2292 2966 2702 3028 intumescendi,

587 3040 791 3101 aLuna‚
808 3043 957 3096 Mare
969 3057 1169 3097 tantum
1185 3040 1546 3097 intumesceret
1563 3047 1616 3096 in
1645 3047 1652 3119 2
1671 3053 1728 3093 ut
1752 3039 1988 3094 videmus
2010 3044 2061 3092 in
2080 3035 2220 3105 lib.4.
2236 3055 2384 3115 cap.4.
2403 3038 2467 3094 de
2478 3038 2636 3114 globo
2650 3046 2706 3094 in

585 3133 646 3170 ea
682 3129 823 3189 parte
852 3134 967 3189 quae
981 3119 1150 3180 ,Lunae
1174 3112 1339 3168 subest
1363 3156 1376 3175 ‚
1414 3111 1616 3177 hocest,
1644 3123 1799 3188 laqua
1833 3111 2067 3185 suspenso
2095 3153 2108 3171 ,
2149 3115 2200 3164 ὃ(
2236 3129 2334 3188 cap.
2366 3131 2446 3176 15.
2473 3120 2625 3168 Artic.
2644 3134 2707 3174 23

583 3206 698 3261 quae
720 3186 811 3253 sub
824 3193 1011 3244 vertice
1035 3188 1120 3244 seu
1133 3185 1429 3244 Meridiano
1456 3189 1616 3243 Lunae
1669 3200 1941 3260 propterea
1970 3183 2264 3240 intumescit
2286 3185 2478 3241 Marea
2505 3193 2704 3257 majore

586 3259 673 3313 est.
716 3261 1197 3316 Intumescirautem
1231 3258 1616 3317 fimulabaltera
1671 3256 1943 3313 influentia
1982 3261 2142 3312 Lunae
2178 3299 2192 3320 ,
2239 3263 2293 3312 &
2326 3258 2386 3314 fit
2421 3258 2701 3335 copiosius,

582 3330 886 3387 veladversa
899 3350 1042 3404 parte
1056 3331 1323 3406 oppofita;
1349 3337 1482 3406 Ergo
1509 3352 1614 3389 non
1671 3331 2046 3407 consequenter
2059 3337 2313 3401 majorem
2325 3351 2382 3388 ac
2422 3341 2541 3389 uirit
2553 3330 2699 3388 afflu-

582 3405 749 3478 potest
807 3403 971 3459 solum
1024 3404 1052 3458 ὲ
1101 3407 1250 3460 Luna
1298 3404 1612 3478 dependere.
1672 3422 1797 3458 xum
1814 3446 1827 3466 ‚
1868 3422 2109 3478 tempore
2130 3404 2225 3461 illo
2249 3425 2387 3481 quan
2428 3427 2462 3462 o
2485 3406 2608 3462 alias
2621 3403 2697 3461 af-

340 3501 544 3553 gstreumis
582 3479 725 3554 Qia
738 3479 861 3535 vero
874 3477 1022 3532 facile
1044 3476 1378 3551 cogitandum
1394 3520 1406 3539 ,
1434 3477 1468 3531 si
1493 3481 1611 3534 Tel·
1672 3476 1841 3532 fluxus
1854 3479 2097 3533 naturalis
2109 3477 2209 3533 esse
2226 3477 2397 3534 debet.

345 3564 468 3592 mms-
582 3551 661 3610 lus
681 3567 884 3606 motum
912 3556 1387 3625 circumgyrationis
1411 3550 1612 3614 habeat,
1746 3553 1869 3605 Hoc
1892 3552 2013 3607 loco
2040 3553 2167 3606 mihi
2191 3559 2247 3607 in
2269 3570 2498 3609 mentem
2526 3557 2695 3615 venit,
2715 3556 2895 3608 Aquas-a

579 3625 888 3698 impossibile
904 3623 1003 3679 effe
1018 3666 1031 3685 ,
1066 3625 1335 3679 Oceanum
1365 3640 1610 3698 tanquam
1673 3622 1796 3678 dum
1812 3624 2020 3700 quidam
2036 3624 2218 3680 dicunt
2233 3667 2246 3686 ,
2268 3631 2322 3685 in
2347 3624 2512 3682 fundo
2527 3628 2696 3682 Maris
2708 3606 2930 3699 ζ’,ῗῖζξξῆ

578 3704 844 3754 materiam
874 3698 1122 3772 liquidam
1145 3739 1159 3761 ,
1196 3712 1405 3771 propter
1429 3702 1609 3771 ingen-
1668 3715 1855 3772 aquam
1871 3694 1969 3752 ess‘e
1981 3696 2167 3772 absque
2181 3697 2451 3761 salsedine,
2472 3698 2621 3774 quod
2635 3701 2696 3756 il-

578 3787 685 3826 tem
709 3769 976 3846 planitiem
1000 3813 1013 3832 ,
1043 3790 1150 3826 non
1178 3770 1451 3844 aliqualem
1484 3771 1607 3826 inde
1667 3770 1756 3826 lud
1770 3769 1916 3826 facile
1928 3770 2296 3844 experiendum
2308 3770 2467 3845 fitper
2480 3771 2700 3841 ejusmo-

575 3850 802 3917 accipere
814 3843 1150 3901 vibrationem
1183 3841 1347 3907 ;s1cut
1359 3848 1606 3899 enimim-
1669 3842 1952 3900 divitreum
1981 3843 2085 3913 (vel
2097 3852 2270 3917 potius
2292 3847 2566 3917 cupreum)
2592 3866 2697 3912 vas,

568 3917 803 3991 poffibxle
813 3918 902 3980 est,
916 3936 1003 3973 vas
1016 3915 1223 3992 aliquod
1247 3916 1379 3990 aqua
1392 3914 1603 3989 plenum
1663 3922 1684 3986 ξ
1701 3923 1943 3990 Recipiens
1957 3917 2131 3970 diHum
2147 3920 2196 3970 δι
2209 3917 2539 3973 antecedent.
2552 3918 2636 3975 lib.
2651 3944 2693 3990 3.

570 4008 782 4046 movere
797 3991 875 4045 vel
889 3991 1213 4045 circumferre
1224 3988 1328 4043 fine
1342 3994 1610 4044 omnimo·
1666 4007 1761 4063 cap.
1783 4009 1824 4053 5.
1840 3989 2159 4063 descriptum.
2198 3989 2432 4065 Qando
2446 3998 2694 4048 nimirum

573 4068 716 4117 tione
731 4080 817 4118 aut
834 4065 1156 4119 vacillatione
1171 4081 1312 4138 aquae
1339 4086 1352 4124 ς
1379 4067 1448 4117 ita
1473 4083 1599 4136 quo·
1673 4082 1758 4117 vas
1773 4062 1898 4118 illud
1922 4065 1985 4115 ab
2005 4064 2278 4116 omniae‘re
2292 4079 2563 4119 evacuatur
2588 4106 2603 4127 ,
2641 4071 2693 4120 ὃς

568 4135 983 4210 queimpoffibile
997 4136 1070 4190 est
1086 4137 1370 4192 Terrenum
1385 4135 1599 4208 globum
1665 4136 1770 4194 una
1791 4154 1907 4191 cum
1933 4134 2158 4210 appenso
2173 4135 2407 4207 pondere
2420 4178 2432 4197 ,
2452 4154 2510 4192 ut
2523 4142 2574 4192 &
2587 4138 2691 4194 alli·

566 4211 588 4277 (
629 4208 763 4261 uiest
778 4207 916 4282 quasi
927 4228 1015 4265 vas
1029 4209 1114 4263 seu
1127 4214 1400 4264 continens
1430 4208 1597 4265 Ocea·
1661 4226 1781 4281 gato
1805 4207 2036 4262 funiculo
2062 4249 2075 4268 ‚
2098 4205 2163 4261 ad
2186 4216 2342 4265 maris
2363 4206 2585 4266 fundum
2614 4211 2688 4265 di-

560 4230 638 4350 nciss
652 4281 1035 4337 circumducere
1049 4323 1063 4347 ,
1077 4279 1181 4339 sine
1200 4282 1299 4337 ulla
1311 4283 1472 4337 Maris
1484 4300 1595 4336 mo·
1664 4286 1886 4338 mittitur
1900 4322 1912 4343 ,
1938 4278 2407 4355 deindelmediante
2428 4281 2526 4338 alio
2553 4280 2691 4337 funi-

2557 4355 2691 4413 culo„
