3068 4718
328 1120 441 1166 Caufh
461 1133 523 1159 cur

299 1170 487 1209 pluralitas

300 1223 508 1261 Mandatum

299 1272 390 1309 md?
419 1276 519 1323 poffit·
543 1264 660 1320 sunt
673 1285 737 1319 ex
762 1281 855 1338 cap.
871 1277 1020 1316 antec.
1040 1282 1116 1314 to.
1144 1258 1417 1319 sumenda,
1492 1261 1568 1310 ui-

544 237 649 282 216
1160 216 2035 277 L1BERSnx1-us,

617 316 1010 393 Sedquicquidfit
1027 319 1134 379 ‚hoc
1144 330 1322 371 certum
1334 314 1441 382 esto,
1455 312 1573 367 mul·
1621 316 1861 368 Varietate
1895 316 2021 366 enim
2057 324 2137 364 res
2163 307 2379 383 gaudent
2406 309 2466 372 (θ’
2490 307 2659 366 mundi

547 394 640 447 tati
655 405 756 447 Deo
760 392 887 468 falia
902 411 985 445 nos
997 386 1572 464 latere,ignorariqueplu·
1614 386 1839 460 perfec‘iio
1865 384 2065 454 confistit
2084 390 2135 436 in
2160 385 2320 437 ea.Un
2328 380 2394 438 de
2414 401 2624 459 quoque
2639 424 2654 446 ,

547 487 604 520 ra
622 488 760 539 quam
757 470 897 534 sciri,
912 485 965 517 ac
976 464 1125 516 multa
1138 464 1374 533 quaesunt,
1389 461 1474 529 effe
1486 478 1575 510 non
1626 459 1881 534 cupiditas
1894 461 1944 511 &
1954 454 2119 511 libido
2134 474 2301 510 rerum
2314 456 2542 517 aliarum,
2558 476 2654 513 no·

537 547 711 611 putari
749 562 761 591 ε
798 558 879 592 nec
906 553 1056 609 pauca
1082 540 1133 587 in
1151 532 1352 608 physicis
1381 529 1523 584 rebus
1546 529 1574 581 ὰ
1625 548 1904 605 varumque
1919 546 2183 603 nunquam
2210 526 2411 591 deficit;
2442 548 2499 584 ac
2518 526 2654 584 fide-

548 613 713 666 multis
726 608 883 665 doceri
893 611 980 678 effe
994 605 1325 677 arbitror‚quae
1323 604 1490 676 forsan
1500 621 1578 655 ne·
1627 604 1802 660 ficeret
1822 645 1836 664 ‚
1875 620 1971 658 nec
1996 601 2159 656 homo
2199 608 2473 675 quicquam
2500 601 2655 656 habe-

544 704 633 757 que
632 684 753 753 fient
765 701 846 736 nec
859 700 1058 771 unquam
1070 693 1210 732 erunt
1234 700 1252 729 ··
1275 686 1445 730 Contra
1458 675 1577 728 mul-
1627 695 1703 733 ret
1718 679 1782 731 de
1797 695 1902 752 quo
1914 674 2158 730 sollicitus
2186 670 2309 728 esset
2323 675 2398 729 vel
2411 682 2556 747 cujus
2570 674 2656 728 de-

545 772 599 811 ta
619 760 705 827 effe
729 754 1114 828 negariamultis
1129 792 1142 812 ‚
1184 768 1286 822 quae
1310 764 1466 802 tamen
1468 752 1573 820 for·
1626 747 1807 805 siderio
1821 764 2084 824 caperetur
2098 788 2112 811 ,
2135 745 2521 821 subsequeretur
2549 746 2658 822 ipsa

532 832 626 898 stin
654 848 830 882 revera
851 825 1074 893 existunt.
1116 826 1287 876 Tutius
1304 835 1461 875 autem
1475 839 1575 873 cum
1623 839 1782 876 mors,

545 906 774 955 communi
772 902 1021 968 sententia
1032 894 1118 966 effe
1121 889 1424 964 sentiendum
1438 934 1451 954 ,
1470 910 1569 946 cau·

544 979 645 1027 tius
658 975 774 1029 verb
786 973 813 1024 ὰ
826 992 884 1026 no
890 976 970 1026 vis
969 971 1231 1039 fintentiis
1255 960 1575 1035 abstinendum

573 1061 669 1100 uto.

531 1063 571 1122 p
615 1125 929 1193 Argumenta
978 1115 1126 1171 uibus
1138 1112 1489 1173 adducuntur,
1511 1124 1573 1164 ut

544 1192 784 1249 animalia
822 1198 873 1246 in
912 1193 951 1244 P
976 1194 1134 1244 anetis
1154 1184 1253 1242 esse
1282 1184 1541 1242 adstruant
1558 1222 1571 1241 ‚

1831 966 2011 1022 lanetis
2031 963 2144 1023 vult
2160 982 2348 1039 negare
2361 1004 2375 1027 ,
2396 963 2540 1039 quod
2560 963 2650 1020 sibi

1627 1039 1740 1101 alia,
1753 1058 1908 1115 quam
1923 1059 2035 1113 quae
2049 1045 2099 1094 in
2116 1037 2198 1094 his
2213 1043 2364 1093 terris
2376 1036 2648 1098 vidit,non

1625 1111 1776 1186 poffit
1801 1117 2066 1186 imaginari
2094 1135 2110 1175 ς
2145 1110 2238 1168 ille
2275 1110 2398 1168 sciat
2420 1108 2569 1186 quod
2594 1117 2650 1166 in

1624 1192 1841 1240 America
1865 1183 2059 1240 nullum
2073 1182 2262 1240 animal
2285 1185 2492 1239 brutum
2505 1188 2653 1240 inve·

1621 1267 1793 1314 niatur
1802 1258 1904 1315 tale
1916 1301 1929 1320 ,
1952 1255 2102 1331 quale
2116 1262 2372 1313 invenitur
2384 1262 2439 1312 in
2458 1265 2650 1333 Europa

543 1339 639 1392 bus
671 1334 792 1391 addi
853 1329 1023 1389 offunt
1049 1331 1199 1405 plura
1227 1374 1240 1393 ‚
1275 1339 1430 1404 pr'out
1474 1340 1569 1383 unt
1623 1331 1701 1389 vel
1728 1329 2139 1406 AfiavelAsrica3
2170 1330 2507 1404 Dicatitaque
2519 1329 2650 1404 figu-

2678 321 2827 361 varinas
2834 324 2902 364 dae

2677 370 2851 417 diadum.

1701 895 1829 1020 Οχιιῗ3
1841 909 2016 949 autem
2040 892 2111 947 ob
2124 910 2237 947 eam
2249 891 2446 947 causam
2461 909 2523 947 an
2530 896 2653 949 ima·
2676 909 2893 950 varinus·-

1626 966 1692 1021 1ia
1715 972 1768 1021 in
2674 963 2816 1021 venitur
2834 964 2873 1001 ἰ»

2674 1013 2839 1053 omnibus.

546 1432 593 1463 1.
619 1407 784 1486 Qod
849 1401 1029 1462 lane'tae
1052 1422 1242 1459 omnes
1273 1403 1494 1458 babeant
1514 1398 1569 1454 si-

540 1485 718 1537 milem
751 1497 957 1538 motum
1013 1496 1072 1534 ac
1117 1479 1394 1532 Lationem
1447 1489 1566 1527 cum

538 1555 708 1612 nostra
730 1556 891 1609 Terra
928 1576 944 1618 3
993 1573 1038 1606 2.
1080 1548 1248 1625 Qod
1269 1566 1374 1603 non
1398 1546 1567 1604 videa-

539 1644 623 1684 tur
634 1626 873 1684 credibile
889 1669 902 1689 ,
940 1628 1083 1681 tot&
1099 1639 1206 1678 tam
1235 1619 1483 1677 immensa
1507 1638 1566 1674 ac

537 1699 751 1776 spatiosa
762 1717 980 1776 corpora
992 1714 1105 1772 quae
1115 1702 1300 1771 partim
1314 1694 1453 1749 hunc
1464 1708 1565 1749 ter·

540 1793 725 1830 renum
745 1773 959 1849 globum
996 1769 1353 1843 magnitudine
1394 1768 1568 1823 multis

540 1849 738 1905 vicibus
750 1845 1040 1906 excedunt,
1069 1838 1170 1897 esse
1194 1859 1353 1897 vacua
1376 1846 1566 1897 anima-

1619 1423 1727 1460 tam
1756 1447 1769 1468 ,
1807 1402 1992 1459 faciem
2021 1407 2072 1458 ὅ(
2091 1401 2315 1459 formam
2340 1421 2651 1477 eorumquae

1620 1495 1887 1552 nunquam
1901 1475 2044 1538 vidit,
2055 1474 2122 1532 de
2131 1473 2372 1551 quibusve
2382 1494 2650 1551 nunquam

1619 1549 1859 1607 audivit?
1895 1548 2032 1604 certe
2067 1567 2174 1606 non
2199 1553 2400 1623 poterit
2424 1590 2438 1612 ‚
2475 1546 2650 1604 multo

1621 1628 1799 1678 minus
1809 1628 2003 1698 poterit
2017 1620 2294 1677 describere
2303 1621 2387 1679 vel
2399 1626 2649 1696 imagina-

1620 1701 1661 1752 ri
1675 1714 1734 1751 ea
1748 1713 1863 1770 quae
1872 1695 2052 1751 suntin
2065 1710 2150 1750 tot
2163 1693 2341 1751 diffitis
2354 1697 2404 1749 ὃ(
2414 1693 2653 1769 separatis

1620 1766 1927 1843 corporibus
1940 1767 2232 1825 mundanis.

1690 1840 1850 1897 Unde
1865 1843 2104 1897 Galilaeus
2127 1847 2181 1897 in
2208 1839 2502 1914 systemate
2526 1840 2654 1898 Cos·

313 2890 471 2926 Homines

286 2952 350 2977 non
357 2939 442 2988 sunt
470 2941 507 2978 in

285 2991 423 3040 reliquis
452 3014 455 3016 -

286 3041 446 3079 planetis.

537 1919 672 1975 libus
693 1963 707 1983 ,
794 1919 943 1975 uibus
975 1916 1113 1972 orbis
1147 1915 1321 1969 noster
1345 1915 1530 1988 plenus
1554 1936 1567 1966 ε
1622 1921 1760 1971 mico
1784 1916 2004 1991 Dialogo
2021 1937 2066 1969 1.
2083 1911 2172 1970 sol.
2201 1912 2333 1970 mihi
2346 1914 2652 1990 40..respon-

547 2015 591 2061 3.
618 1942 792 2067 (Quodl
799 2011 907 2048 non
935 1989 1056 2045 ideo
1075 1985 1349 2043 videantur
1373 1986 1569 2043 conditi

543 2080 602 2121 ut
613 2067 829 2120 Terram
845 2064 1150 2120 illuminent,
1160 2078 1278 2114 cum
1291 2056 1385 2140 ipsi
1395 2061 1572 2115 lumen

538 2138 695 2214 perse
708 2155 815 2193 non
828 2135 1171 2195 babeant,nec
1183 2138 1297 2206 quis
1307 2135 1473 2187 facem
1487 2153 1568 2188 ac·
1623 2135 1767 2187 malia
1788 2132 1959 2194 fimilia
1980 2133 2136 2200 nostris
2162 2156 2181 2193 ;
2213 2152 2274 2186 an
2290 2132 2477 2205 pluviae
2493 2134 2646 2203 isthic,

538 2210 727 2266 cendat
762 2215 814 2264 in
850 2206 1253 2263 domesticorum
1287 2205 1436 2259 usum
1465 2205 1570 2278 ipsa
1623 2211 1779 2266 venti,
1782 2206 1988 2280 fulmina
2001 2209 2096 2267 &a
2115 2205 2275 2279 qualia
2286 2209 2412 2261 circa
2430 2210 2646 2271 Terram,

537 2282 698 2338 domo
712 2287 975 2352 majorem.
1013 2298 1064 2344 4.
1103 2274 1273 2347 Qod
1287 2279 1386 2329 Dei
1402 2285 1551 2332 omni
1612 2277 1941 2352 producantur
1958 2319 1972 2340 ,
2009 2296 2155 2349 neque
2177 2279 2280 2346 scio
2301 2296 2450 2350 neque
2473 2278 2616 2335 credo
2633 2319 2651 2344 ,

535 2362 771 2429 potentia
783 2370 890 2407 non
915 2350 974 2405 fit
1001 2348 1176 2404 saltem
1191 2349 1255 2402 ad
1270 2364 1367 2403 nos
1394 2347 1566 2403 homi·
1624 2350 1774 2404 multb
1796 2354 1950 2404 minus
1969 2351 2179 2403 homines
2202 2347 2384 2403 ibidem
2407 2350 2646 2407 habitare.

533 2444 652 2488 nes,
667 2426 916 2500 punitum
928 2421 1033 2477 hoc
1047 2420 1353 2481 incolentes,
1362 2420 1567 2476 restrin-
1623 2418 1722 2476 Sed
1736 2427 1935 2476 interim
1957 2442 2049 2476 non
2074 2419 2244 2482 video,
2267 2421 2494 2494 quomodo
2504 2443 2648 2490 exeo,

531 2499 721 2575 genda.
758 2518 804 2562 5.
842 2494 1007 2567 Qod
1032 2508 1285 2570 repugnet
1303 2492 1450 2622 sc'patii
1470 2501 1569 2550 im·
1620 2493 1751 2569 quod
1760 2496 1891 2550 nihil
1906 2493 1980 2550 ibi
1990 2494 2138 2557 fimile
2156 2494 2326 2563 nostris
2348 2494 2490 2550 rebus
2510 2517 2657 2573 gene·

533 2570 696 2628 mensi
706 2572 792 2627 seu
803 2569 1025 2628 AEtheris
1049 2567 1290 2628 vastitati,
1344 2572 1476 2623 icere
1487 2567 1566 2622 so·
1621 2583 1773 2632 retur,
1784 2572 1956 2644 inftrri
1965 2568 2214 2638 neceffarib
2216 2584 2281 2644 po
2329 2569 2569 2632 t,nullam
2580 2571 2655 2626 al-

531 2645 634 2703 lam
662 2646 879 2700 Terram
906 2659 1025 2698 cum
1053 2642 1236 2696 incolis
1256 2639 1362 2696 suis
1389 2682 1403 2704 ,
1425 2638 1564 2716 quast
1618 2647 1903 2698 terationem
1938 2637 2117 2696 ibidem
2149 2647 2246 2696 acci
2280 2661 2361 2697 ere
2389 2684 2405 2708 ‚
2439 2663 2524 2699 nec
2559 2645 2650 2716 effe

530 2726 586 2775 in
623 2717 862 2774 latiffimo
902 2734 1025 2790 agro
1060 2713 1249 2789 spicam
1276 2731 1434 2769 unam
1460 2711 1562 2770 fru-
1608 2718 1734 2791 poste
1754 2735 1833 2770 res
1851 2716 1971 2769 alias
1995 2757 2008 2778 ,
2029 2733 2132 2788 quae
2145 2729 2406 2778 mutentur,
2415 2735 2651 2807 generen-

530 2797 717 2853 menti,
751 2792 952 2846 latitate
968 2831 982 2851 ,
1004 2792 1097 2844 ὅτε.
1618 2803 1702 2843 tur
1715 2785 2125 2858 &diffolvantum
2146 2808 2236 2841 non
2242 2790 2402 2856 filum
2427 2809 2457 2843 a
2476 2790 2650 2859 nostris

602 2863 708 2919 Sed
734 2862 770 2918 si
794 2869 909 2940 quis
931 2876 1109 2937 putare
1131 2859 1281 2924 velit,
1303 2859 1448 2935 quod
1469 2858 1563 2914 ho·
1618 2860 1830 2932 diversas
1846 2903 1860 2923 ,
1879 2861 2050 2915 verum
2072 2864 2220 2914 etiam
2231 2858 2293 2915 ab
2303 2866 2648 2938 imaginatione

530 2943 698 2994 mines
722 2935 822 2992 fint
842 2942 896 2991 in
934 2935 1146 3010 reliquis
1172 2935 1399 2992 Planetis
1423 2974 1436 2996 ‚
1472 2933 1561 2990 ille
1618 2935 1768 3004 nostra
1784 2934 2043 3010 Iongtffimi
2064 2947 2288 2996 remotas,
2313 2936 2373 2997 ξς
2397 2941 2449 2988 in
2458 2936 2650 3005 summa
2705 2948 2713 2956 ·

526 3026 728 3066 tantum
743 3011 940 3066 aberrat
953 3050 965 3071 ‚
991 3024 1242 3082 quantum
1259 3005 1412 3062 distat
1435 3007 1562 3075 ejus·
1584 3029 1589 3036 ·
1608 3014 1804 3083 prorsus
1814 3005 1950 3062 nobis
1962 3012 2132 3062 inexco
2166 3005 2362 3063 itabiles
2378 3020 2400 3062 ὲ
2413 3016 2481 3063 Et
2492 3028 2652 3082 quem-

529 3083 678 3139 modi
700 3083 886 3139 astrum
903 3083 931 3136 a
951 3080 1104 3137 nobis
1131 3104 1144 3134 :
1181 3079 1398 3135 Nullum
1419 3086 1559 3135 enim
1617 3077 1866 3135 admodum
1888 3076 2022 3135 haud
2035 3101 2110 3134 am
2145 3086 2223 3156 igo
2237 3122 2252 3144 ,
2268 3079 2306 3144 fi
2322 3087 2428 3154 quis
2443 3086 2495 3135 in
2518 3082 2650 3151 vasta

526 3157 718 3210 animal
754 3155 897 3229 quod
934 3163 986 3210 in
1011 3154 1116 3209 hoc
1139 3151 1265 3209 orbe
1286 3153 1559 3210 Terrarum
1604 3155 1751 3228 sylva
1765 3195 1782 3218 ,
1795 3153 1929 3229 feras
1942 3159 2074 3208 inter
2086 3153 2292 3227 avesque
2302 3168 2446 3210 natus
2462 3157 2646 3225 efflet&

525 3227 601 3282 est
624 3268 639 3289 ,
659 3227 731 3282 est
742 3246 955 3302 quoque
968 3233 1021 3281 in
1047 3225 1159 3283 aliis
1182 3228 1402 3281 Planetis
1425 3250 1441 3290 ς
1474 3224 1563 3282 sed
1615 3223 1838 3282 educatus
1854 3269 1870 3291 ,
1888 3246 1973 3282 nec
1994 3247 2197 3300 unquam
2208 3231 2453 3301 quicquam
2479 3225 2537 3283 de
2550 3229 2647 3283 ele-

529 3305 767 3355 omnium
802 3316 973 3355 rerum
1010 3297 1296 3361 diversitas,
1333 3297 1477 3355 unde
1504 3318 1559 3353 o·
1616 3315 1772 3355 mento
1783 3319 1915 3374 aquae
1927 3301 2361 3375 cognovsset,hunc
2371 3302 2516 3356 talem
2527 3322 2644 3356 nun-

1623 2075 1797 2114 rentur
1816 2075 1902 2114 aut
1926 2059 2089 2114 herbae
2102 2062 2405 2134 autplantae‚
2427 2076 2514 2116 aut
2536 2067 2645 2116 ani-

1624 1988 1714 2043 det
1737 2010 1749 2040 :
1789 1998 1863 2042 An
1885 1994 1936 2042 in
1958 1999 2087 2043 Luna
2099 1989 2186 2042 vel
2190 1989 2286 2042 alio
2300 1988 2652 2065 Planetagene-
2666 1989 2891 2083 Wh-

526 3379 666 3428 mnia
678 3391 791 3447 quae
816 3372 883 3427 ibi
910 3370 1051 3434 sunt,
1079 3369 1197 3425 sunt
1220 3377 1438 3427 omnino
1463 3371 1561 3427 alia

529 3446 559 3500 a
580 3445 779 3502 nostris.
821 3443 1073 3501 Videmus
1093 3441 1181 3498 ubi
1219 3463 1285 3498 ue
1310 3449 1363 3498 in
1391 3449 1559 3500 omni-

526 3520 622 3575 bus
636 3516 930 3594 regionibus
957 3516 1110 3588 hujus
1130 3517 1209 3570 Te
1230 3516 1348 3571 luris
1372 3558 1385 3578 ‚
1414 3514 1559 3572 diffie-

528 3597 746 3648 rentiam
770 3609 1017 3666 aquarum
1043 3632 1056 3652 ,
1081 3590 1349 3644 herbarum
1371 3629 1384 3650 ‚
1413 3591 1559 3662 plan-

528 3679 697 3719 tarum
715 3706 727 3727 ‚
741 3665 998 3738 lignorum
1013 3706 1024 3725 ,
1043 3660 1268 3736 lapidum
1289 3665 1381 3716 διο.
1407 3665 1562 3723 Item,

528 3738 846 3793 Animalium
885 3779 899 3800 ,
948 3736 1261 3793 terrestrium
1301 3776 1313 3796 ,
1367 3739 1557 3810 aquati-

527 3808 653 3864 lium
667 3852 679 3871 ,
696 3815 793 3864 ὅτε.
817 3827 915 3864 nec
926 3810 1085 3865 ullum
1100 3825 1257 3883 genus
1269 3805 1369 3863 effe
1380 3826 1472 3883 per
1484 3825 1560 3864 to-

528 3897 639 3936 tum
654 3881 812 3937 simile
842 3882 952 3946 alii3
988 3888 1095 3937 imo
1119 3899 1215 3936 nec
1243 3879 1378 3935 ullus
1397 3880 1561 3936 homo

1604 3883 1856 3955 subsistant
1881 3891 2023 3938 immo

1612 3394 1750 3446 quam
1760 3373 2067 3448 imaginando
2077 3387 2402 3447 conceptarum
2417 3417 2431 3437 ‚
2441 3380 2493 3429 in
2504 3389 2643 3430 natu-

1615 3467 1671 3500 ra
1696 3449 1785 3516 effe
1806 3443 2030 3502 mundum
2041 3446 2071 3501 ὰ
2082 3450 2234 3501 Terra
2247 3444 2496 3517 diverfiem
2506 3489 2524 3512 ,
2539 3448 2641 3520 ple-

1613 3540 1724 3574 num
1737 3519 2024 3575 animalibus
2039 3561 2052 3583 ,
2072 3537 2176 3593 quae
2194 3518 2289 3581 fine
2311 3519 2639 3587 cruribusfine

1615 3594 1710 3647 alis
1723 3595 1954 3648 velociter
1962 3590 2210 3655 incedant,
2230 3612 2313 3648 nec
2332 3598 2383 3646 in
2391 3591 2639 3666 superficie

1616 3664 1774 3728 modo,
1786 3666 1933 3735 ficuti
1945 3667 2211 3740 seraeficpra
2220 3669 2414 3719 Terram
2429 3705 2445 3727 ,
2457 3661 2646 3742 sedpe-

1617 3745 1748 3794 nitus
1761 3745 1812 3793 in
1828 3740 1928 3815 ipfiz
1932 3736 2266 3815 profunditate
2281 3760 2294 3791 ε
2307 3757 2396 3791 non
2395 3737 2556 3807 filum
2566 3747 2642 3794 in-

1617 3809 1786 3868 cedant
1804 3852 1817 3874 ‚
1846 3812 2016 3866 verum
2058 3810 2455 3884 uacunqueplacet
2474 3817 2528 3866 in
2543 3813 2641 3867 Ioco

2026 3833 2147 3939 biles
2169 3923 2183 3945 ,
2219 3878 2276 3936 id
2302 3880 2430 3955 quod
2442 3904 2562 3939 aves
2584 3891 2637 3940 in

527 3971 620 4028 per
632 3963 810 4011 omnia
820 3953 994 4011 fimilis
1013 3954 1086 4010 est
1100 3954 1242 4010 alteri
1272 3954 1420 4010 alicui
1440 3996 1455 4018 ,
1473 3974 1561 4010 ne·
1584 3940 1595 4014 l
1617 3957 1958 4031 airepraestare
1973 3978 2063 4011 non
2067 3954 2246 4031 pofficnt
2260 3981 2272 4011 z
2287 3953 2448 4013 adhaec
2459 3954 2639 4013 ibidem

528 4045 630 4102 que
655 4034 768 4098 ejus
794 4028 1023 4082 astiones
1045 4067 1059 4089 ,
1086 4025 1351 4082 facultates
1367 4068 1380 4089 ,
1414 4044 1563 4090 artes,

1617 4032 1826 4085 homines
1849 4037 1994 4085 etiam
2021 4028 2238 4083 habitare
2263 4072 2276 4093 ,
2302 4028 2376 4085 ibi
2394 4029 2638 4100 exstruere

525 4097 703 4161 verba,
741 4105 1037 4174 opiniones,
1072 4099 1309 4159 scientiae,
1324 4103 1418 4154 ὅτε.
1444 4099 1562 4157 sunt
1609 4104 1796 4177 palatia
1813 4101 2122 4172 civitatesque
2136 4141 2149 4163 ‚
2175 4116 2310 4158 tanto
2322 4116 2481 4158 autem
2493 4108 2638 4158 itine-

530 4188 622 4244 per
632 4181 811 4228 omnia
821 4171 999 4229 similia
1018 4173 1145 4228 alius
1161 4174 1372 4242 alicujus
1393 4171 1563 4227 homi·
1619 4196 1724 4229 rum
1745 4182 1821 4230 uti
1838 4171 2099 4250 compendio
2111 4217 2125 4237 ,
2155 4190 2209 4230 ut
2233 4177 2327 4241 fine
2344 4176 2440 4231 ullo
2457 4175 2634 4238 labore,

535 4249 613 4300 nis
632 4249 867 4318 ingenio,
906 4245 1137 4302 moribus
1163 4249 1214 4300 &
1248 4243 1563 4311 astionibu83
1585 4265 1593 4357 ξ
1618 4269 1721 4303 cum
1735 4255 1861 4303 omni
1873 4249 2065 4322 familia
2089 4269 2143 4303 ac
2166 4245 2325 4314 domo,
2346 4249 2635 4323 integrisque

2517 4325 2636 4376 civi-
