3068 4718
149 2318 338 2371 rausum

147 2374 220 2408 11.

884 237 986 291 De
1022 237 1403 292 PROPRHS
1441 234 2065 292 Expzmmsnrrs.
2478 262 2541 309 93

407 351 656 394 muerunt
671 377 686 399 ‚
721 332 935 392 tandem
951 353 1131 393 eorum
1145 350 1369 408 corpora
1383 338 1458 387 ita
1511 334 1660 388 Lucii
1676 352 2029 397 morerentur,
2054 334 2214 391 necid
2227 330 2448 410 effugere
2459 354 2547 392 va-

406 410 685 486 turgebant
707 449 723 471 ,
760 425 820 465 ut
846 426 1020 466 metus
1044 406 1187 469 esset,
1228 426 1298 462 ne
1319 425 1458 462 rum-
1512 406 1700 469 lerent,
1738 406 1828 463 etsi
1841 414 1943 463 a’eri
1970 448 1984 470 ,
2014 407 2161 463 relito
2174 415 2334 470 vitro,
2372 406 2546 463 transi-

401 498 656 558 ·perentur
668 521 682 544 ,
722 480 883 558 usque
911 481 1037 539 dum
1050 480 1232 557 supina
1244 498 1304 535 ac
1316 476 1455 608 quasi

408 572 616 612 mortua
627 559 683 610 in
707 559 820 610 imo
846 561 1100 625 jacerent3
1137 552 1266 609 Inde
1287 573 1322 608 o

1515 495 1603 535 tus
1615 478 1849 544 daretur3
1883 499 2003 536 cum
2031 479 2215 555 reliqui
2240 480 2358 549 (nisi
2380 487 2432 536 in
2447 479 2548 535 hoc

1359 552 1455 607 ser·
1516 570 1681 607 vacuo
1695 551 1892 610 diutius
1905 552 2282 624 detinerentur)
2295 553 2547 613 revivisce-⁰

407 633 560 692 vavi,
593 625 837 686 vesiculas
861 646 1043 685 eorum
1071 626 1319 682 arctiores
1339 623 1458 686 effe,
1515 639 1631 679 rent
1644 644 1704 681 ac
1716 626 1843 682 adse
1856 625 2100 682 redirent.

407 720 469 756 ac
484 700 639 757 nullis
650 700 877 776 gaudere
890 705 1034 756 venis
1047 742 1059 762 ,
1096 698 1285 775 quibus
1307 703 1458 754 emit-

407 788 582 830 terent
593 777 767 831 ae'rem
780 817 794 837 ,
812 781 901 850 qui
914 777 964 830 vi
974 772 1061 829 sust
1074 770 1335 829 extenfiva
1343 791 1457 827 cor·

406 864 541 920 pora
567 865 751 904 eorum
777 844 981 921 turgida
1006 843 1270 902 reddebat.
1309 846 1456 900 Con·

404 934 486 975 tra
503 962 518 983 ,
533 918 739 976 funduli
753 925 804 975 &
818 920 902 974 alii
915 924 1308 975 communiores
1319 917 1455 973 escu-

405 992 534 1048 lenti
547 992 710 1069 pisces
732 992 762 1047 ὲ
785 990 1072 1050 veficissuis
1093 998 1265 1048 aerem
1293 990 1452 1067 pede·

406 1072 592 1122 tentim
606 1062 866 1123 efflabant.

1590 697 1833 754 Tandem
1869 719 1969 775 pro
1995 696 2284 774 appendice
2309 697 2549 755 hocloco

1510 773 1911 827 memorandum
1929 798 1942 828 ε
1968 770 2203 845 Qando
2217 775 2346 828 Uvae
2355 780 2412 828 in
2426 772 2552 843 ejus-

1507 918 2094 993 queevacuatur‚&loco
2105 915 2361 993 frigidiori
2412 917 2549 974 erdi-

1505 990 1727 1046 midium
1743 998 1864 1047 anni
1877 991 2220 1056 conservatur;
2232 994 2363 1067 Qo
2414 994 2546 1048 Uvae

1504 1063 1719 1139 quidem
1779 1065 1918 1120 uoad
1954 1064 2251 1139 adspectum
2285 1084 2395 1122 non
2418 1065 2543 1121 alte·

482 1136 676 1195 Verum
690 1143 743 1195 in
754 1156 973 1215 utraque
997 1138 1273 1195 Percarum
1284 1138 1453 1212 specie
1504 1153 1707 1195 rentur.
1723 1158 1754 1194 a
1809 1137 2042 1214 saporem
2057 1156 2272 1195 omnem
2285 1143 2541 1195 amittant.

404 1217 532 1268 mita
544 1219 765 1269 varietas
774 1211 880 1270 visa
893 1212 966 1268 est
982 1252 996 1273 ,
1034 1211 1160 1267 dum
1177 1208 1450 1267 mandibu-

1573 1210 1737 1266 Ratio
1755 1211 1856 1273 est,
1895 1217 2016 1287 quia
2040 1216 2446 1274 Vinariavirtus,
2484 1218 2542 1267 in

399 1284 465 1341 lis
478 1283 766 1341 incredibili
780 1283 948 1341 modo
962 1283 1198 1341 distentis
1221 1282 1452 1345 hiabant,
1504 1283 1746 1359 Spatium
1773 1289 2010 1341 Vacuum
2025 1281 2192 1341 effluit
2204 1327 2217 1347 ,
2252 1304 2368 1362 quae
2377 1284 2544 1341 alias&

397 1373 556 1433 atque
581 1358 720 1415 oculi
755 1376 944 1415 eorum
982 1356 1327 1415 foraminibus
1348 1358 1450 1414 suis

398 1433 847 1508 extorquebantur
869 1474 884 1496 ,
919 1447 982 1489 ut
1003 1439 1113 1508 pari
1140 1429 1307 1487 modo
1336 1450 1447 1508 quo

1501 1364 1748 1433 gravitate
1761 1359 2129 1414 circumstantis
2140 1364 2272 1415 aeris
2280 1356 2546 1436 repellitur

1502 1436 1625 1488 &in
1637 1449 1857 1508 corpore
1873 1433 2213 1490 conservatur.

1145 1609 1514 1666 CAPUT
1587 1613 1795 1668 Xvn.

399 1762 490 1824 De
518 1756 770 1824 Machina
793 1755 995 1843 alicujus
1027 1758 1112 1820 H
1107 1753 1672 1840 ydrauliwpneumaticae
1704 1758 2047 1844 construffione
2068 1801 2089 1830 ‚
2129 1778 2236 1844 quae
2273 1778 2366 1819 non
2373 1756 2538 1844 solum

607 1850 876 1917 multarum
896 1851 1235 1910 inventionum
1258 1845 1539 1929 occrfionem
1566 1849 1748 1930 praebet
1763 1895 1781 1925 ‚
1802 1847 1907 1931 ſsd
1919 1853 2071 1908 etiam
2094 1852 2145 1910 in
2182 1845 2365 1929 Museo

890 1940 1195 2001 recreationis
1218 1942 1371 1999 animi
1395 1936 1540 2019 σαψ
1562 1937 1842 2021 conservari
1857 1937 2031 2026 potest.

392 2129 548 2307 F
558 2126 635 2180 lat
646 2122 845 2199 Tripus
856 2121 1056 2181 ferreus
1080 2143 1111 2179 a
1121 2122 1153 2179 b
1165 2145 1190 2179 c
1204 2126 1237 2179 h
1245 2129 1282 2187 i,
1305 2129 1458 2196 cujus

1587 2122 1816 2201 Reliqua
1862 2137 2040 2179 autem
2090 2120 2200 2178 duo
2249 2121 2548 2195 epistomia‚

561 2195 726 2272 pedes
759 2196 994 2274 superius
1034 2199 1150 2255 orbi
1194 2196 1365 2255 ferreo
1389 2196 1455 2251 bc
1506 2215 1730 2272 quorum
1744 2212 1986 2274 quartum
1999 2194 2155 2272 depin
2194 2201 2342 2252 inon
2402 2202 2555 2261 otuit,

563 2270 823 2328 inserendi
850 2275 904 2326 &
936 2270 1172 2330 cochleis
1206 2269 1450 2328 firmandi
1507 2269 1651 2327 nulla
1669 2270 1889 2349 quidem
1911 2268 2141 2328 habeant
2180 2267 2324 2330 abra,
2400 2268 2553 2327 stulas

394 2342 522 2409 fint;
561 2344 753 2421 ubique
778 2344 910 2403 duas
925 2345 1111 2404 babeat
1120 2345 1340 2402 laminas
1351 2343 1446 2402 fer·

395 2436 508 2475 reas
531 2419 759 2473 mobiles
780 2424 853 2475 ita
875 2417 1087 2476 falcatas
1119 2461 1133 2481 ‚
1183 2435 1243 2474 ut
1271 2438 1449 2475 earum

396 2508 504 2621 331²
519 2498 878 2618 ztzjtssezzz
894 2491 1450 2620 “sommus

396 2583 600 2711 utiffap?
612 2580 870 2702 pagium
887 2606 914 2698 ‚⁹
937 2655 997 2691 ca
1033 2637 1137 2694 sula
1147 2585 1451 2700 grachalcea,

1507 2361 1685 2402 tamen
1712 2346 1779 2403 ad
1805 2350 1923 2403 vitri
1943 2362 2158 2420 quoque
2181 2341 2408 2400 fundum
2428 2362 2546 2420 per-

1507 2423 1766 2492 tingentes
1781 2424 1833 2474 &
1846 2425 1900 2476 in
1914 2419 2020 2475 fine
2031 2422 2104 2475 ita
2115 2427 2436 2477 acuminatas
2447 2461 2462 2481 ‚
2485 2433 2547 2475 ut

1506 2495 1562 2545 in
1591 2510 1770 2548 earum
1801 2493 2033 2548 osculum
2056 2494 2252 2548 acicula
2269 2492 2446 2549 saltem
2466 2498 2547 2548 in-

1505 2562 1645 2619 trudi
1658 2564 1828 2641 poffit.

1576 2637 1727 2706 (Nota
1745 2661 1762 2690 .·
1799 2639 1931 2692 Haec
1952 2636 2230 2711 epistomia
2251 2642 2457 2700 omnia,
2492 2642 2546 2694 &

395 2729 468 2766 ne
478 2709 958 2786 aeringrediendiv
1028 2710 1257 2767 exeundi
1268 2710 1443 2766 locum
1500 2709 1775 2783 quodlibet
1788 2715 1840 2766 in
1855 2709 1888 2763 s
1913 2716 2050 2770 ecie‚
2067 2709 2133 2766 ad
2143 2709 2291 2765 suum
2304 2708 2542 2768 foramen

392 2783 608 2846 habeat,
645 2782 947 2840 instrustum
960 2782 1060 2854 est)
1071 2789 1207 2841 inter
1218 2785 1444 2860 tripodis
1497 2785 1552 2837 in
1566 2783 1764 2857 capsula
1775 2789 1849 2840 ita
1898 2781 2019 2838 ebet
2030 2779 2132 2838 esse
2155 2781 2473 2839 elaboratum
2488 2790 2542 2841 δε

391 2877 541 2914 crura
564 2855 803 2933 suspendi
829 2873 989 2935 atque
1004 2863 1193 2915 iterum
1209 2866 1442 2916 amoveri
1499 2853 1812 2914 defricatum
1836 2898 1850 2919 ‚
1887 2871 1947 2911 ut
1971 2856 2284 2913 exafflffime
2306 2853 2437 2913 illud
2461 2878 2537 2914 re-

388 2931 561 3009 poffit.

1494 2930 1634 3004 pleat
1646 2955 1661 2996 ;
1686 2950 1756 2986 ne
1771 2939 1857 2987 aer
1866 2931 2177 3006 pertranseat
2193 2957 2207 2987 ι
2244 2928 2392 3007 quod
2403 2946 2462 2987 ut
2471 2932 2539 2987 eo

444 3004 607 3062 Aliud
619 3003 878 3077 ejusmodi
890 3023 1105 3080 quoque
1115 3023 1206 3063 vas
1216 3010 1441 3062 vitreum
1493 3009 1671 3061 minus
1692 3003 1809 3067 fiat,
1847 3004 2067 3079 parvulo
2084 3002 2402 3061 circumdata
2419 3004 2538 3062 sunt

394 3088 430 3132 ι
453 3097 573 3133 cum
598 3077 878 3153 epistomio
905 3076 947 3132 d
966 3120 981 3140 ‚
1016 3079 1162 3154 quod
1191 3079 1296 3135 una
1319 3097 1442 3135 cum
1492 3079 1715 3140 circulo,
1749 3097 1779 3132 a
1816 3079 1883 3132 ua
1896 3077 2141 3150 repleto.)

392 3152 625 3226 partibus
638 3157 889 3208 extremis
900 3157 956 3207 in
972 3150 1090 3208 istas
1112 3151 1243 3210 duas
1267 3152 1443 3228 capsu—

391 3227 469 3280 las
483 3221 672 3279 horum
699 3230 954 3281 vitrorum
973 3243 1324 3301 congruenter
1346 3232 1443 3283 im-

1582 3153 1747 3207 Porro
1803 3165 1844 3205 it
1883 3149 2094 3206 tubulus
2129 3147 2337 3206 medius
2358 3150 2536 3222 rejus·

1495 3222 1620 3280 dem
1641 3229 1871 3279 materiae
1904 3243 2025 3280 cum
2062 3222 2248 3280 fistulis
2272 3264 2287 3286 ,
2325 3229 2539 3295 majoris

390 3302 534 3354 mitti
559 3295 739 3371 poffit,
783 3313 1110 3373 comparetur
1148 3305 1203 3356 &
1239 3319 1440 3358 accom·
1497 3316 1673 3354 tamen
1701 3303 2000 3373 capacitatis
2024 3340 2038 3360 ‚
2073 3296 2182 3354 sere
2218 3314 2279 3354 ut
2315 3296 2534 3372 digitus,

391 3368 644 3428 modetur
655 3369 721 3426 ad
733 3368 954 3428 inferius
966 3375 1171 3430 Vitrum
1196 3394 1223 3428 e
1231 3397 1261 3449 q
1273 3396 1302 3424 r
1366 3379 1441 3430 uti

390 3446 557 3522 figura
567 3442 838 3500 monstrat.
879 3443 1091 3520 Insuper
1100 3446 1293 3504 debent
1309 3468 1440 3525 quo-

390 3537 495 3609 que
509 3517 684 3609 adhuc
695 3518 795 3572 alia
806 3526 1238 3650 quasfflgffnzm
1248 3522 1439 3651 epil‘tio:

389 3595 1061 3741 nlgagqgggssptillbmium
1087 3599 1150 3730 ,2
1192 3616 1440 3744 ingcz’ipst‘l-

390 3687 443 3796 Γᾶ
467 3737 732 3797 inferioris
758 3746 878 3796 vitri
903 3739 1148 3796 constitui
1174 3766 1187 3795 :
1226 3749 1284 3798 in
1344 3762 1439 3799 uo-

393 3832 511 3869 rum
533 3813 639 3869 scil.
648 3819 708 3887 J,
716 3836 779 3891 g,
802 3811 964 3872 labra,
1009 3815 1202 3871 canalis
1223 3822 1311 3891 qui
1353 3834 1437 3905 am

383 3903 464 3963 pp
488 3887 614 4015 {12:¹1
638 3906 676 4016 ἶ
703 3907 835 4018 2ῗὲ
848 3884 1265 4017 ΐοῐῐιίῑῖῃῖιιῗιῗτιιῑξῑι
1279 3906 1437 4020 Ἓξ

396 3976 622 4109 ἱῗὲῑςιιε
666 3978 1004 4111 epistonlll'um
1034 4056 1071 4107 g
1095 4033 1159 4090 ab
1204 4003 1436 4094 inf’eriori

400 4122 547 4184 parte
558 4108 836 4166 lamineam
852 4109 1075 4166 fistulam
1099 4108 1435 4166 orichalceam

397 4203 428 4254 q
450 4179 612 4257 usque
636 4182 704 4238 ad
734 4182 958 4240 fundum
982 4187 1100 4241 vitri
1137 4187 1433 4257 pertingen-

399 4271 523 4309 tem.

1494 3376 1585 3447 qui
1609 3389 1674 3427 ex
1698 3377 1886 3443 majori
1906 3371 2187 3448 epistomio
2212 3370 2255 3425 d
2274 3413 2288 3433 ,
2326 3369 2451 3441 (ubi
2473 3369 2536 3426 fit

1497 3447 1814 3521 exemptilis)
1837 3464 1928 3520 per
1941 3445 2175 3501 medium
2191 3442 2452 3500 inferioris
2460 3447 2535 3501 vi-

1498 3523 1561 3574 tri
1584 3559 1598 3581 ,
1639 3519 1796 3596 usque
1819 3519 1886 3574 ad
1911 3516 2138 3574 fundum
2162 3516 2271 3573 sere
2307 3531 2535 3590 pertran-

1495 3591 1600 3648 seat
1609 3635 1622 3655 ,
1634 3601 1718 3666 cuj
1724 3611 1782 3650 us
1792 3592 2050 3648 beneficio
2062 3610 2194 3667 aqua
2209 3610 2275 3647 ex
2283 3589 2387 3646 hoc
2398 3595 2533 3648 vitro

1496 3673 1550 3722 in
1562 3664 1797 3741 superius
1808 3666 2134 3743 perducatur.

1578 3740 1879 3797 Postremo:
1917 3739 2084 3796 dietus
2119 3738 2309 3796 canalis
2321 3756 2434 3815 pp,
2468 3755 2535 3793 ex

1495 3812 1663 3870 ferrea
1674 3813 1855 3871 saltem
1879 3813 1941 3870 fit
1964 3812 2156 3869 lamina
2168 3814 2354 3870 stanno
2366 3809 2532 3868 obdu·

1496 3888 1604 3950 Cia,
1639 3892 1693 3944 δε
1713 3888 1802 3945 tali
1827 3886 2180 3962 longitudine,
2216 3905 2274 3944 ut
2313 3886 2343 3940 a
2378 3881 2533 3940 labris

1496 3960 1767 4018 duorume
1803 3961 2129 4019 istomiorum
2146 3968 2271 4037 fig,
2304 3955 2527 4013 fundum

1494 4035 1754 4093 conclavis
1790 4034 1876 4092 ere
1886 4042 2132 4110 attingat:
2167 4032 2531 4089 Instrufilusta-

1496 4129 1615 4166 men
1634 4109 1665 4164 ὲ
1684 4111 1929 4185 superiori
1954 4127 2099 4182 parte
2120 4106 2287 4163 rostro
2313 4104 2528 4160 orichal-

1492 4203 1591 4239 ceo
1617 4204 1689 4245 na,
1727 4182 1876 4238 labris
1888 4181 2078 4237 horum
2092 4179 2314 4234 duorum
2341 4177 2531 4251 episto-

1491 4263 1719 4313 miorum
1744 4252 2423 4382 perfefflligccommodato,
2453 4249 2527 4376 fab

2063 4349 2085 4395 3
2391 4343 2443 4377 in
2473 4341 2523 4376 e·

2569 695 2650 731 Uva
2668 694 2705 731 ὴ
2718 699 2778 732 Γι-

2570 756 2631 780 eno
2640 745 2760 794 perdi-

2568 796 2717 832 mitian·

1508 844 1658 900 modi
1674 861 1764 900 vas
1776 851 2363 903 vitreumimmittuntur
2376 887 2392 909 ,
2403 844 2549 900 illud·
2559 846 2763 944 3¹3⁸„ss
