3068 4718
951 271 1078 327 De
1137 269 1500 328 Trana
1560 274 1966 329 &LuuA.

2421 298 2520 341 177

1114 461 1314 517 CA?
1355 473 1401 517 u
1440 475 1482 516 T
1557 462 1795 522 XVIII.

896 631 984 692 De
1028 626 1255 711 Aspeflu
1298 623 1463 688 Lunae
1509 627 1569 688 Εὖ
1612 626 1713 712 ejus
1760 627 1993 692 Maculis.

590 813 717 851 mne
730 806 918 869 corpus
931 790 1160 848 lucidum
1175 792 1324 848 tanto
1335 793 1429 848 cla·

391 800 737 978 Oriusa
815 886 954 924 arere
978 865 1177 942 quanto
1193 863 1428 921 ambiens

590 944 667 1000 est
700 889 773 998 ob
791 946 992 1004 curius,
1023 956 1185 995 nemo
1223 937 1424 996 inficias

384 1016 484 1074 ibit
495 1060 509 1081 ,
522 1022 576 1077 &
587 1016 797 1094 quando
803 1011 1192 1072 consideramus
1198 1011 1422 1088 spatium

159 1105 329 1159 urm-‘0
389 1089 518 1148 illud
536 1089 875 1150 immensum,
949 1086 1062 1143 uod
1099 1085 1257 1143 nullis
1289 1090 1421 1141 acci-

135 1157 371 1249 {220314
391 1163 634 1223 dentibus
671 1161 752 1226 est,
780 1160 893 1233 subj
1097 1202 1114 1225 ,
1151 1159 1418 1234 nullasque

132 1262 290 1299 mis
313 1273 370 1299 n..-
386 1242 573 1312 recipit
599 1233 883 1312 qualitates·
897 1271 913 1298 ,
948 1231 1099 1291 facile
1127 1231 1417 1308 intelligen-

124 1309 246 1362 flm‘a
385 1309 513 1366 dum
526 1315 651 1373 etit„
674 1306 805 1365 illud
870 1327 1046 1384 uoque
1067 1306 1260 1364 nullam
1274 1306 1305 1361 a
1323 1306 1415 1362 So-

378 1383 429 1439 le
475 1390 713 1458 accipere
745 1383 830 1440 vel
897 1399 1051 1438 ucem
1077 1379 1159 1438 vel
1182 1382 1414 1440 Lumen,

375 1453 469 1518 sed
479 1455 654 1517 radios
678 1455 884 1515 solares
902 1452 1062 1511 libere
1085 1452 1193 1510 fine
1213 1452 1321 1510 ulla
1343 1472 1415 1510 re·

375 1534 616 1587 tentione
655 1529 1002 1587 transmittere
1024 1570 1038 1591 ,
1073 1526 1416 1603 ideoqueper

370 1603 424 1659 se
458 1608 696 1667 *omnino
743 1604 1020 1660 obscurum
1070 1597 1170 1658 effe
1218 1620 1319 1657 nec
1355 1608 1413 1658 in

367 1679 562 1741 oculos
596 1677 806 1734 nostros
852 1683 1116 1739 incurrere
1148 1699 1164 1740 ;
1214 1675 1417 1731 Contra

370 1752 500 1811 vero
543 1770 708 1815 omne
737 1769 930 1826 corpus
956 1757 1014 1807 in
1052 1748 1159 1804 hoc
1194 1746 1415 1806 obscuro

360 1822 534 1900 spatio
576 1838 888 1881 concentum
921 1841 1017 1897 pro
1059 1839 1138 1878 ter
1173 1837 1417 1899 acceptos

363 1897 548 1955 radios
573 1899 784 1954 Solates·
799 1896 994 1972 resplen-
1035 1896 1206 1951 escere
1241 1900 1293 1950 &
1317 1914 1415 1951 no·-

372 1970 454 2028 bis
499 1969 551 2028 se
592 1970 828 2026 lucidum
877 1987 932 2024 re
968 1968 1233 2023 raesentare
1277 1992 1293 2032 ;
1342 1974 1414 2022 ita

371 2056 434 2100 ut'
505 2044 666 2103 unito
700 2048 864 2115 magis
946 2054 1168 2115 ongetur
1202 2079 1217 2103 ,
1264 2039 1414 2096 tanto

370 2123 472 2175 vivi
511 2122 592 2175 ius
628 2113 810 2170 himen
863 2113 1029 2171 oculis
1062 2111 1250 2170 nostris
1296 2119 1410 2183 inji-

367 2193 471 2247 ciat
495 2231 510 2253 ,
546 2205 606 2248 ut
631 2186 809 2245 videre
830 2187 908 2243 est
932 2186 1021 2242 lib.
1045 2208 1098 2257 4.
1118 2204 1217 2265 cap.
1251 2209 1335 2257 13,
1358 2193 1411 2244 &

371 2281 457 2331 14.
487 2270 633 2322 itaut
647 2261 876 2338 denique
899 2260 1057 2327 stellae
1068 2259 1232 2318 fimile
1258 2279 1410 2337 appa-

370 2352 499 2393 teat&

443 2411 499 2469 Si
509 2416 693 2488 itaque
710 2415 766 2466 in
779 2408 886 2468 hoc
911 2408 1171 2467 immenso
1183 2415 1235 2464 ὃς
1255 2427 1347 2482 per
1355 2409 1407 2467 se

371 2483 617 2541 invisibili
647 2485 815 2558 spatio
843 2525 857 2546 ‚
894 2485 925 2538 a
945 2485 1109 2539 Terra
1139 2483 1316 2539 nostra
1341 2481 1408 2538 ad

376 2579 512 2614 1000
543 2557 629 2616 vel
657 2576 824 2612 10000
862 2556 947 2613 vel
975 2576 1141 2610 20000
1176 2557 1411 2613 milliaria

372 2630 737 2689 recederemus
756 2673 771 2691 ‚
793 2627 947 2685 facile
970 2628 1412 2689 concludendum,

125 2713 354 2764 nnmfiiv·
375 2707 517 2762 illam
533 2724 645 2762 non
664 2704 833 2761 solum
843 2708 898 2757 in
924 2700 1091 2758 oculis
1102 2703 1290 2759 nostris
1316 2709 1411 2758 mi-

118 2768 350 2860 Lmfflffi*
372 2797 562 2836 norem
586 2785 638 2834 &
676 2785 867 2834 iterum
893 2781 1157 2831 minorem
1194 2792 1406 2850 appare-

123 2848 322 2910 ..αὐαι-
371 2873 429 2910 re
457 2896 472 2916 ,
505 2869 688 2909 verum
726 2853 888 2906 etiam
922 2847 1126 2923 semper
1162 2891 1178 2912 ,
1213 2848 1412 2904 mutata

122 2935 246 2961 '‘m‘'-
377 2927 644 2988 distantia,
681 2923 831 2980 aliam
857 2941 1015 2998 atque
1040 2924 1194 2980 aliam
1217 2920 1407 2978 faciem

374 2999 528 3057 nobis
551 2997 801 3075 praebere,
826 2995 1104 3073 &quidem
1129 3004 1186 3053 in
1203 3015 1404 3073 eoquo-

372 3094 478 3150 que
500 3070 849 3132 diversimode
865 3114 880 3134 ‚
903 3085 1072 3146 prout
1095 3071 1409 3127 illuminare·

372 3167 457 3205 tur
479 3163 568 3202 aut
580 3142 781 3220 integre
804 3161 894 3200 aut
916 3143 1071 3200 semis
1093 3142 1290 3220 integre
1310 3149 1405 3200 &c.

373 3222 492 3279 Imo
515 3219 553 3274 si
590 3219 656 3275 ad
679 3233 882 3274 tantam
919 3217 1207 3274 distantiam
1232 3237 1408 3294 perve-

373 3304 611 3354 niremus
649 3307 899 3368 quantum
938 3288 1091 3347 distat
1124 3295 1298 3355 Luna,
1337 3289 1410 3347 fa-

375 3372 476 3427 cile
515 3364 871 3441 colligendum
897 3369 995 3421 erit
1028 3366 1171 3441 quod
1191 3366 1410 3422 Terram

376 3441 598 3500 essemus
645 3438 970 3513 conspesturi
1014 3443 1207 3496 Lunari
1258 3439 1411 3497 faciei

376 3514 520 3574 haud
556 3511 875 3576 abfimilem3
913 3518 1034 3589 quia
1070 3514 1211 3570 oculi
1248 3514 1412 3570 nostri

377 3593 518 3647 idem
536 3588 834 3665 ptaestatent
845 3592 898 3642 in
914 3588 1061 3643 Luna
1074 3629 1088 3651 ,
1100 3587 1246 3662 quod
1258 3588 1342 3643 hic
1359 3594 1412 3643 in

379 3666 560 3720 Terra·

453 3737 618 3793 Porro
656 3733 1069 3792 demonstratum
1091 3753 1300 3810 quoque
1336 3735 1413 3791 est

380 3809 504 3866 dido
545 3832 597 3865 ca
630 3854 642 3865 .
672 3830 758 3876 14·
791 3809 940 3886 quod
977 3826 1166 3882 corpus
1191 3813 1246 3863 in
1283 3817 1415 3882 ejus-

132 3899 359 3956 corpmzu·
385 3883 532 3941 modi
580 3827 741 3958 spatio
792 3881 1010 3940 obscuro
1054 3883 1415 3947 illuminatum,

132 3945 326 4042 ῗέξηῖζοῖ
384 3957 494 4035 quo
517 3963 679 4031 magis
696 3973 1024 4014 removeatur
1041 3995 1055 4016 ,
1078 3958 1143 4010 eo
1155 3964 1314 4032 magis
1338 3964 1414 4012 in-

131 4047 324 4101 quzmagis
386 4029 656 4089 clarescere
680 4036 730 4085 &
753 4036 974 4088 emicare
997 4027 1233 4085 videatur
1254 4028 1414 4095 ;s1cut

132 4108 353 4187 :gmg‘gm
386 4107 554 4162 nubes
591 4102 855 4161 Solatibus
900 4106 1056 4163 radiis
1092 4107 1223 4159 circa
1266 4123 1411 4159 occa-

134 4163 280 4238 inclar‘ff·

129 4250 244 4300 [bum.

384 4181 497 4237 sum
533 4175 801 4235 illustratas
835 4224 850 4246 ,
887 4178 977 4237 etsi
1013 4183 1067 4232 in
1105 4176 1157 4231 se
1195 4176 1413 4234 obscurae

383 4252 507 4316 fiat,
543 4252 699 4309 instat
733 4252 863 4312 Solis
897 4253 1094 4311 radiare
1128 4257 1413 4318 cernimus3

1485 797 1556 848 ita
1593 808 1651 848 ut
1688 793 1915 869 denique
1963 793 2046 850 vel
2081 795 2233 848 Luna
2265 796 2349 850 vel
2386 795 2516 851 Ter-

1484 883 1536 919 ra
1562 907 1576 927 ‚
1609 864 1649 921 fi
1668 865 1867 940 semper
1903 868 2111 942 longius
2145 865 2513 930 recederemus,

1482 937 1634 996 nobis
1648 939 1791 997 velut
1804 939 1961 995 Stella
1974 956 2268 1015 appareant.
2300 942 2511 997 Flavum

1480 1018 1621 1066 enim
1660 1012 1743 1069 vel
1790 1017 1806 1077 i
1879 1032 2001 1069 eum
2036 1015 2264 1070 colorem
2296 1031 2508 1090 propter

1477 1090 1696 1141 nimiam
1729 1030 2025 1154 disglutiam
2059 1094 2307 1143 amittunt
2328 1129 2342 1151 ,
2386 1096 2508 1164 quia

1475 1176 1665 1216 omnes
1680 1161 1886 1217 colores
1906 1170 1960 1215 in
1972 1164 2134 1218 nimia
2146 1159 2382 1218 distantia
2394 1181 2508 1221 eva-

1473 1232 1699 1291 nescunt.

1545 1305 1852 1363 Maculas-in
1876 1311 2027 1364 Luna
2039 1307 2183 1383 quod
2204 1313 2391 1365 attinet
2404 1352 2418 1372 ,
2436 1328 2509 1364 eae
2551 1320 2693 1360 Macula
2712 1322 2749 1360 aa

1471 1380 1554 1438 vel
1586 1400 1734 1456 aquae
1761 1380 1843 1437 vel
1878 1386 2041 1438 maria
2059 1380 2216 1447 sunt;
2254 1388 2331 1438 uti
2364 1390 2508 1441 enim
2519 1373 2749 1474 Ἀῶ,

1472 1472 1691 1528 corpora
1712 1454 1973 1529 pellucida
1996 1459 2204 1512 Lumen
2226 1461 2281 1512 in
2308 1457 2361 1514 se
2382 1461 2511 1513 reci·
2529 1476 2662 1514 Maria.

1471 1532 1623 1603 piunt
1650 1568 1665 1591 ,
1701 1546 1799 1583 nec
1823 1535 1898 1585 ita
1934 1527 2207 1587 reflectunt
2228 1546 2288 1586 ut
2322 1548 2509 1605 corpo-

1470 1621 1526 1657 ra
1548 1601 1723 1676 aspera
1744 1644 1760 1667 ,
1784 1599 1853 1659 fic
1878 1621 2090 1679 quoque
2115 1623 2259 1679 aquae
2280 1608 2337 1658 in
2360 1606 2511 1659 Luna

1474 1693 1585 1730 non
1615 1684 1685 1728 ita
1710 1675 1985 1733 refledtunt
2021 1694 2081 1732 ut
2117 1694 2331 1734 montes
2355 1682 2410 1733 δι
2429 1696 2510 1733 ca-

1474 1766 1646 1811 vernae
1661 1751 1836 1805 &aliae
1848 1748 2033 1824 asperae
2043 1749 2335 1827 superficies
2350 1776 2365 1816 ;
2384 1769 2509 1815 nam

1474 1820 1554 1878 hae
1575 1822 1692 1878 sunt
1715 1821 2017 1897 compofitae
2042 1844 2106 1882 ex
2129 1824 2507 1881 innumerabili-

1472 1893 1567 1951 bus
1601 1892 1966 1968 superficiebus
1987 1903 2221 1952 minimis
2261 1895 2345 1952 dis
2369 1896 2512 1954 ofitis

1470 1965 1758 2022 secundum
1810 1967 2249 2025 innumerabilem
2338 1967 2510 2027 iversi-

1470 2054 1632 2096 tatem
1655 2043 2054 2099 inclinationum
2071 2083 2085 2103 ,
2125 2048 2180 2097 in
2204 2040 2393 2118 quibus
2418 2062 2509 2098 ne-

1467 2112 1678 2170 cess'ario
1727 2120 1905 2173 evenit
1939 2131 1999 2169 ut
2047 2114 2286 2190 undique
2323 2115 2511 2190 disper·

1466 2203 1651 2262 gantur
1687 2188 1898 2262 plurimi
1925 2188 2054 2244 radii
2090 2187 2268 2245 reflexi
2299 2212 2313 2242 z
2352 2189 2511 2244 Unde

1465 2266 1479 2315 i
1519 2262 1631 2318 sum
1655 2281 1844 2338 corpus
1880 2265 2158 2318 Lunarein
2196 2261 2344 2338 quod
2383 2267 2512 2318 inci-

1506 2355 1601 2394 unt
1640 2336 1771 2393 radii
1802 2335 2007 2393 Solares
2031 2377 2046 2399 ,
2087 2355 2155 2391 ex
2192 2355 2512 2412 quocunque

1467 2407 1590 2465 loco
1626 2412 1820 2472 visum,
1856 2426 2027 2471 totum
2050 2408 2403 2467 illuminatum
2427 2428 2512 2483 ap·

1470 2498 1674 2558 pareat,
1707 2483 1992 2560 lumenque
2021 2484 2050 2539 a
2087 2484 2212 2539 Sole
2235 2500 2509 2558 acceptum

1472 2575 1781 2683 puacunque
1817 2558 2014 2616 versum
2036 2555 2270 2614 refleaat
2303 2556 2392 2612 seu
2413 2555 2509 2611 dif-

1500 2628 1674 2685 undat.

1545 2703 1754 2760 Etiamsi
1793 2703 1918 2761 veto
1955 2703 2107 2762 nobis
2149 2702 2253 2759 hoc
2288 2697 2508 2758 incredi-
2527 2716 2751 2768 corpmpet-

1470 2774 1570 2831 bile
1602 2774 1835 2833 videatur
1873 2819 1887 2839 ,
1937 2782 2059 2851 quia
2096 2775 2334 2832 videmus
2383 2775 2508 2850 Spe-
2525 2767 2715 2871 zm

1473 2849 1584 2905 cula
1623 2855 1674 2904 &
1711 2851 1834 2907 alias
1884 2869 1965 2905 res
2005 2850 2265 2924 expolitas
2300 2891 2315 2911 ‚
2358 2863 2417 2903 ut
2455 2853 2757 2919 &mm-fi

1471 2942 1656 2998 aquam
1672 2966 1685 2985 ‚
1703 2925 1843 2980 Solis
1862 2927 2071 2979 Lumen
2097 2923 2247 2980 valde
2276 2921 2507 2978 refleEte—
2526 2920 2545 2958 ἔ
2548 2931 2644 3012 :1³:³⁰
2653 2934 2717 2961 θ’·

1472 3015 1526 3051 re
1550 3039 1564 3060 ‚
1600 3014 1778 3054 tamen
1815 2997 1924 3053 haec
1971 2995 2188 3052 reflexio
2227 2995 2286 3051 fit
2330 2986 2548 3051 saltem⁸
2604 2998 2616 3010 ’

1473 3069 1537 3125 ab
1552 3085 1787 3127 extrema
1809 3069 2101 3147 superficie,
2130 3069 2407 3146 &quidem
2433 3077 2511 3124 in-

1472 3159 1551 3200 tra
1564 3161 1736 3201 certos
1751 3151 2005 3201 terminos
2030 3147 2082 3197 &
2093 3146 2336 3220 angulos,
2362 3161 2511 3199 extra

1473 3236 1607 3293 quos
1629 3259 1644 3280 ,
1670 3217 1882 3294 quando
1908 3214 2063 3291 positi
2084 3217 2286 3279 sumus,
2311 3215 2508 3272 nullam

1475 3291 1712 3349 videmus
1734 3290 2074 3347 reflexionem
2092 3334 2106 3355 ,
2121 3292 2206 3348 sed
2219 3295 2384 3365 magis
2393 3309 2509 3345 um-

1474 3364 1677 3421 brosum
1691 3365 1818 3443 quid
1832 3407 1845 3426 ‚
1869 3363 2014 3421 sicuti
2029 3365 2329 3442 exemplum
2352 3362 2510 3420 habe-

1475 3458 1591 3496 mus
1613 3445 1666 3494 in
1690 3438 1916 3496 maribus
1948 3481 1962 3502 ,
2004 3439 2196 3513 stagnis
2222 3443 2274 3494 δε
2297 3435 2511 3494 lacubus

1475 3518 1677 3588 magnis
1698 3557 1711 3576 ,
1749 3511 1959 3591 quando
1985 3520 2188 3569 eminus
2224 3510 2254 3565 ὲ
2275 3515 2405 3567 turri
2428 3507 2511 3565 vel

1477 3604 1659 3644 monte
1704 3586 2095 3660 conspiciuntur
2118 3628 2131 3647 ,
2172 3582 2320 3660 quod
2353 3581 2507 3637 nobis

1475 3661 1582 3718 sine
1603 3667 1750 3717 omni
1775 3658 2052 3734 splendore
2075 3658 2279 3713 coerulei
2299 3654 2507 3718 coloris,

1476 3742 1566 3812 qui
1578 3736 1694 3811 (per
1705 3751 1803 3810 cap.
1826 3731 2008 3788 12.lib.
2026 3734 2101 3803 4.)
2126 3732 2320 3787 umbrae
2333 3734 2507 3805 proxi-

1478 3827 1593 3866 mus
1606 3808 1699 3871 est,
1709 3822 1967 3884 apparent.

1548 3888 1728 3957 Itaque
1774 3879 1810 3935 fi
1856 3877 2150 3954 superficies
2212 3882 2377 3933 Lunae
2428 3883 2505 3930 in·

1474 3957 1571 4013 star
1607 3955 1814 4030 Speculi
1836 3955 1920 4012 vel
1956 3972 2101 4028 aquae
2125 3995 2140 4017 ,
2172 3952 2401 4026 laevigata
2438 3949 2503 4005 es·

1473 4032 1548 4087 set
1595 4073 1608 4093 ‚
1667 4028 1840 4085 radios
1899 4028 2037 4082 Solis
2107 4044 2217 4082 non
2274 4022 2505 4081 refleste-

1473 4119 1577 4166 ret,
1613 4103 1985 4177 consequenter
2019 4115 2229 4175 propter
2264 4116 2347 4152 ma
2383 4114 2503 4152 nam

1473 4178 1766 4235 distantiam
1802 4174 1954 4232 nobis
1999 4172 2205 4247 prorsus
2238 4177 2348 4229 invi
2370 4170 2505 4227 ibilis

1476 4249 1612 4308 esset.

1970 4319 2015 4371 Z.
2438 4320 2501 4369 Et
