3068 4718
187 1260 411 1353 Gfflgff
435 1267 574 1323 Sicut
585 1275 727 1323 enim
740 1266 874 1323 odor
898 1267 1052 1323 Rosae
1063 1311 1077 1330 ‚

186 1367 333 1403 vinna,
344 1374 409 1399 »0-
434 1358 731 1416 comparare
744 1346 942 1416 magnis
953 1383 968 1405 ,
992 1337 1159 1396 effluit
1171 1348 1223 1397 iii
1234 1344 1468 1416 Spatium

185 1415 407 1506 “w
434 1414 768 1470 circumstans
780 1420 1080 1488 proximum
1091 1456 1107 1477 ,
1128 1434 1239 1470 noii
1253 1415 1467 1491 quidem

180 2156 248 2194 vbi·
258 2153 381 2202 deli'ni‘e
392 2178 403 2194 .

178 2207 229 2245 ibi·
242 2209 404 2257 Spurium

177 2256 222 2308 90
243 2263 404 2297 vacuum.

202 2830 362 2881 spatium
372 2825 399 2863 ὲ

250 2891 399 2918 mudn-

166 2890 347 2982 ›233sz

912 231 1013 284 ΒΕ
1051 233 1424 285 PROPRIIS
1465 233 2077 288 EXPERIMENTls.

451 324 677 385 excludi,
694 329 841 399 proin
849 323 1015 401 deque
1027 332 1260 383 Vacuum
1276 345 1483 402 compa·

449 403 544 451 rari
559 396 731 487 ρᾳίῖεξ
765 398 926 453 modo
938 399 1082 476 quod
1094 419 1260 456 novus
1273 420 1337 455 ex
1351 418 1480 486 aqua
1530 404 1614 451 cui
1643 400 1799 471 Spatii
1819 401 1861 487 .(¹
2444 485 2453 493 ·

451 467 537 525 vel
548 486 701 525 etiam
717 468 830 542 ipso
842 469 955 527 vase
973 491 1244 546 generatus
1255 491 1339 527 aer
1366 473 1478 546 (qui
1530 469 1651 539 effe)
1674 470 1914 535 sufficiat3
1951 472 2163 547 quando
2187 495 2317 549 aqua
2343 480 2424 532 vel
2440 478 2546 550 ipse

2491 248 2555 306 85

1605 328 1859 414 ²·,Q9d
1920 350 1977 384 ro
2003 330 2436 387 demonstratione
2450 336 2547 388 Va·
2596 351 2761 391 vbinuua

1901 401 1968 455 ud
1989 402 2086 456 scil.
2112 407 2164 455 in
2180 424 2347 459 rerum
2370 420 2547 460 natura
2571 416 2623 438 '²⁸
2637 403 2787 446 ’ἰθέω-

2571 452 2643 489 lum
2654 466 2781 504 quoqu

2571 506 2768 552 Efflavium.

450 557 626 597 tamen
652 543 1045 599 minutissimum
1070 544 1194 618 quid
1219 550 1269 598 &
1292 562 1388 617 pro
1399 552 1477 599 ni·
1527 548 1612 597 a'e'r
1624 559 1711 597 aut
1723 544 1820 599 alia
1844 562 1924 600 res
1935 543 2186 601 itaevasis
2208 548 2457 610 aufertur,
2479 570 2545 604 ne

448 613 556 669 hilo
581 615 961 686 aestimandum)
984 618 1220 691 impediri
1243 635 1350 672 non
1362 616 1476 692 pos-
1526 614 1800 671 centesima
1813 615 1913 673 sive
1930 615 2194 673 millesima
2206 617 2316 674 fer&
2336 637 2452 692 pars
2468 642 2543 675 re-

446 684 523 740 sit.

516 763 596 813 Ex
608 759 795 834 quibus
822 766 874 815 δε
897 762 1008 816 aliis
1020 759 1245 834 pluribus
1259 766 1469 835 Experi-

444 838 634 886 mentis
645 832 1061 888 concludendum
1078 858 1090 887 ε

519 926 567 958 1.
606 905 771 978 Qiod
785 906 1065 980 Terraquei
1077 903 1213 980 globi
1227 925 1471 981 corporea

443 982 607 1034 virtus
631 1021 645 1041 ‚
691 997 805 1052 quae
826 976 955 1032 nihil
990 978 1131 1034 aliud
1166 978 1321 1052 quam
1360 985 1471 1049 ejus

442 1049 579 1106 odor
597 1052 678 1107 vel
701 1056 784 1104 a'e'r
807 1049 895 1104 seu
917 1050 1185 1126 corporale
1199 1047 1469 1109 effluvium

440 1122 517 1177 est
530 1164 543 1185 ,
580 1129 634 1177 in
646 1125 879 1195 Spatium
892 1123 1127 1197 proxime
1138 1124 1468 1179 circumstans

438 1199 492 1248 &
503 1195 624 1250 alias
635 1195 699 1250 ab
711 1203 857 1250 omni
869 1201 1260 1258 materiainane,
1274 1193 1468 1261 effluat;

1112 1267 1148 1322 si
1172 1287 1327 1343 parva
1349 1271 1468 1325 licet

433 1491 487 1540 iii
509 1486 770 1543 infinitum
792 1528 806 1548 ‚
844 1485 934 1543 sed
956 1488 1023 1542 ad
1045 1503 1244 1543 certum
1265 1494 1467 1546 virtutis

433 1558 628 1620 orbem,
645 1561 813 1615 donec
822 1558 1038 1615 tandem
1049 1562 1251 1635 semper
1261 1568 1468 1617 tenuior

1526 686 1624 741 stet
1646 729 1659 748 ‚
1696 707 1792 743 nec
1839 689 1936 744 alia
1987 689 2221 745 succedat
2267 697 2319 746 iii
2354 691 2543 746 locum.

1524 758 1734 814 Etiamsi
1761 767 1900 815 enim
1925 762 2071 817 hicin
2085 769 2254 824 terris,
2289 762 2542 834 ejusmodi

1522 832 1896 888 Mathematice
1932 835 2124 890 difium
2166 840 2395 890 Vacuum
2435 835 2544 890 dari

1522 921 1630 958 non
1659 906 1833 978 possit,
1869 922 2041 962 tamen
2066 907 2265 962 causam
2281 909 2520 966 videmus
2540 947 2554 967 ,

1521 993 1710 1050 nempe
1724 978 1847 1033 illud
1863 998 2033 1033 rerum
2047 976 2263 1035 Effluvia
2274 979 2546 1053 impedire:

1499 1048 1623 1126 'Ubi
1637 1066 1809 1106 autem
1835 1069 1913 1106 res
1937 1054 2153 1126 amplius
2176 1070 2283 1106 non
2297 1053 2412 1107 sunt
2437 1054 2547 1121 (ex-

1518 1136 1595 1175 tra
1617 1121 1714 1177 scil.
1744 1124 2005 1178 Tellurem
2029 1131 2081 1178 in
2106 1123 2244 1192 altis)
2277 1142 2448 1199 neque
2474 1123 2545 1178 ibi

1520 1210 1671 1251 erunt
1692 1215 1860 1251 rerum
1885 1193 2123 1258 effluvia,
2156 1194 2378 1252 cess‘ante
2403 1201 2542 1250 enim

1517 1265 1663 1322 causa
1687 1268 1839 1324 cessat
1865 1265 2078 1324 effestus
2102 1292 2117 1333 ;
2154 1275 2287 1343 Ergo
2311 1270 2544 1342 Spatium

1519 1342 1771 1396 Vacuum.

1599 1435 1639 1481 3.
1680 1417 1823 1491 Qia
1847 1419 1999 1473 Aeris
2023 1421 2238 1488 gravitas
2261 1431 2370 1469 non
2382 1412 2542 1469 solum
2560 1402 2671 1466 ΩΨ
2680 1408 2775 1447 ⁴³⁶³

1521 1503 1613 1557 pei·
1624 1487 1674 1541 se
1685 1488 1864 1560 saepius
1877 1529 1890 1549 ,
1927 1486 2015 1542 sed
2035 1492 2086 1541 &
2108 1487 2277 1542 statim
2292 1491 2344 1541 in
2359 1490 2544 1560 quovis
2558 1469 2726 1553 {123⁸ss

1521 1575 1699 1614 monte
1712 1576 1958 1621 mutatur,
1986 1557 2542 1629 facileconjedhndum
2564 1562 2683 1649 2⁰:2⁶
2694 1572 2785 1648 im:

433 1631 663 1689 redditur
687 1638 739 1687 &
755 1638 807 1687 iii
821 1632 1041 1689 nihilum
1054 1633 1185 1688 abit:
1226 1638 1312 1688 Sic
1336 1654 1466 1709 quo·
1519 1630 1752 1705 (quando
1767 1639 1947 1706 ingens
1960 1632 2044 1687 illa
2056 1631 2279 1688 altitudo
2295 1631 2543 1686 astrorum
2564 1661 2760 1711 quma

432 1724 535 1778 que
559 1712 667 1762 A'e‘r
690 1712 851 1761 totius
886 1704 1111 1762 Telluris
1148 1706 1283 1761 odor
1307 1746 1322 1767 ,
1357 1725 1465 1762 non
1519 1703 1887 1775 consideratur)
1912 1703 2057 1780 quod
2075 1707 2308 1779 Spatium
2333 1709 2544 1759 circum·
2565 1711 2750 1748 dimidiam

2568 1761 2735 1797 Lmdi·

433 1797 505 1903 flu
527 1777 646 1833 dem
660 1787 716 1834 jn
735 1777 995 1834 infinitum
1006 1786 1139 1834 circa
1154 1798 1270 1834 eam
1289 1795 1468 1834 exten·
1520 1774 1658 1831 stans
1678 1778 1807 1832 illud
1834 1778 2032 1833 vastum
2046 1796 2156 1832 non
2182 1783 2298 1831 aere
2312 1775 2468 1850 usque
2481 1773 2546 1830 ad
2563 1810 2728 1854 [mn-as„

473 1857 603 1912 itur,
638 1851 727 1906 sed
751 1850 818 1906 ad
837 1857 1114 1905 terminum
1140 1851 1229 1904 ubi
1256 1851 1466 1906 tandem

434 1922 644 1986 definit,
683 1923 750 1978 de
763 1943 868 1995 quo
891 1939 987 1995 cap.
1010 1944 1056 1983 7.
1072 1922 1220 1976 &lia
1242 1942 1286 1986 5.
1316 1922 1466 1996 inspi-

434 1995 694 2051 ciendum.
735 1995 839 2048 Ubi
853 2009 1027 2048 autem
1043 1991 1257 2058 definit,
1293 1994 1364 2047 ibi
1377 2012 1466 2048 ne-

431 2066 643 2124 cessario
670 2072 853 2141 incipit
870 2067 1102 2140 Spatium
1125 2084 1314 2140 purum
1340 2066 1466 2121 &ab

430 2146 849 2218 omnicorporeo
876 2144 1126 2196 Vacuum.
1167 2140 1303 2195 Sana
1323 2158 1466 2194 nam-

468 2233 534 2269 ue
557 2219 760 2269 ratione
782 2218 995 2269 materia
1006 2214 1080 2267 ibi
1102 2213 1272 2289 aliqua
1288 2256 1303 2277 ,
1336 2218 1470 2287 ignis

428 2236 533 2343 pcil.
557 2285 803 2349 coelestis,
841 2301 931 2342 aut
954 2284 1054 2342 alia
1078 2328 1092 2348 ,
1128 2284 1234 2343 sive
1256 2286 1318 2342 fit
1341 2291 1468 2342 dura

430 2359 533 2416 five
556 2358 746 2422 fluida,
781 2379 879 2414 nec
899 2358 1052 2432 fingi,
1089 2377 1188 2414 nec
1211 2368 1296 2415 cui
1319 2358 1465 2415 bono

432 2431 517 2490 vel
538 2431 650 2487 usui
677 2449 786 2486 tam
799 2438 983 2503 ingens
1003 2436 1135 2484 inter
1146 2431 1273 2486 astra
1283 2450 1466 2504 corpo·

428 2523 577 2560 reum
615 2504 743 2578 quid
787 2505 879 2572 (in
914 2520 1021 2578 quo
1057 2508 1297 2558 omnium
1332 2502 1469 2558 certe

431 2577 702 2634 Astroium
718 2573 928 2631 effluvia
941 2617 955 2638 ,
987 2581 1348 2651 operationes,
1369 2584 1467 2632 vir-

431 2665 571 2705 tutes
584 2665 737 2724 atque
748 2659 801 2702 in
808 2647 1037 2703 fluentiae
1048 2690 1063 2712 ‚
1084 2652 1139 2703 iii
1152 2647 1341 2704 cassum
1354 2651 1465 2703 red-

430 2721 693 2788 derentur)
719 2720 906 2791 debeat
955 2718 1053 2775 esse
1077 2761 1091 2781 ,
1139 2719 1240 2775 dici
1273 2721 1460 2796 potest.

427 2794 594 2851 Valde
616 2801 790 2870 itaque
813 2792 1154 2849 allucinantur
1175 2795 1247 2849 illi
1272 2799 1360 2868 qui
1375 2814 1463 2868 pu-

426 2883 563 2923 tant:
605 2868 842 2945 Spatium
870 2864 1009 2922 idem
1050 2864 1198 2941 quod
1246 2885 1458 2942 corpus,

425 2941 635 3017 ejusque
656 2957 891 2997 naturam
913 2945 969 2994 in
979 2939 1085 2995 sola
1098 2937 1394 2996 extensione
1406 2939 1462 2996 si·

422 3029 530 3069 tam
546 3057 559 3075 ‚
595 3014 880 3089 &proinde
906 3013 1142 3087 Spatium
1155 3010 1262 3068 sine
1281 3031 1462 3089 corpo·

422 3105 507 3148 re,
542 3087 715 3142 saltem
764 3091 980 3141 rationis
1028 3085 1335 3159 figmentum
1372 3104 1462 3144 aut

425 3163 784 3233 imaginarium
805 3157 934 3233 quid
970 3153 1067 3212 elle
1103 3157 1249 3228 (sicut
1278 3180 1356 3215 ex.
1377 3182 1455 3237 gr.

424 3231 776 3287 Astronomus
798 3235 1029 3304 concipit
1060 3230 1249 3288 lineam
1284 3234 1457 3309 AEqui·

426 3304 731 3375 nosti-alem)
772 3322 893 3358 cum
913 3318 1086 3359 tamen
1100 3312 1342 3380 ‘cogitare
1367 3307 1456 3363 de·

428 3377 610 3434 berent
628 3402 640 3432 ι
665 3375 936 3453 parvulum
952 3375 1078 3431 illud
1098 3386 1217 3435 novi
1228 3387 1455 3454 generati

427 3458 560 3507 aeris
577 3493 590 3514 ‚
629 3453 867 3526 Spatium
882 3448 1008 3504 illud
1021 3455 1074 3505 in
1093 3448 1222 3507 vasis
1243 3471 1456 3510 evacua-

426 3533 517 3586 tis,
556 3525 699 3580 nullo
716 3522 878 3577 modo
906 3521 1118 3595 implere
1137 3566 1150 3585 ,
1184 3526 1346 3580 multo
1362 3535 1456 3582 mi-

425 3617 523 3653 nus
534 3598 701 3653 susten
707 3613 813 3652 tare
827 3638 840 3657 ,
876 3594 1183 3652 constituere
1195 3595 1277 3653 vel
1290 3596 1456 3655 effice·

427 3689 510 3731 re,
546 3677 647 3734 ita,
682 3668 719 3724 si
745 3676 1022 3724 minimum
1047 3667 1172 3724 illud
1193 3671 1323 3725 aeris
1346 3691 1454 3727 non

425 3741 604 3797 inesset
627 3744 712 3799 seu
725 3746 902 3798 denuo
915 3759 1181 3815 generetur
1194 3784 1207 3803 ‚
1244 3743 1457 3813 ejufino·

430 3814 482 3869 di
498 3815 611 3871 vasa
624 3836 728 3871 non
740 3813 1002 3872 subsistere
1017 3813 1160 3887 poffe
1172 3834 1332 3871 vacua
1345 3859 1357 3877 ,
1371 3818 1457 3874 sed

427 3890 589 3944 latera
602 3907 779 3944 eorum
795 3887 884 3944 sibi
910 3894 1132 3947 invicem
1159 3886 1269 3943 fieri
1292 3899 1457 3947 conti-

429 3980 551 4036 gua,
594 3976 652 4016 ut
677 3962 848 4019 statuit
871 3973 1084 4017 Renatus
1110 3959 1193 4014 des
1232 3964 1455 4027 Chartes,

430 4033 511 4088 lib.
534 4052 682 4089 antec.
701 4056 747 4088 2.
776 4053 873 4110 cap.
894 4059 937 4105 3.
965 4041 1178 4097 citatu83
1215 4034 1357 4107 quod
1380 4053 1453 4091 ta-

429 4126 554 4163 men
592 4112 647 4162 in
686 4106 811 4164 vasis
845 4107 1086 4165 rotundis
1118 4125 1227 4162 non
1251 4106 1452 4180 speran-

430 4180 584 4242 dum,
618 4178 743 4237 sicut
759 4198 854 4255 cap.
856 4186 958 4254 fieq.
979 4196 1045 4238 26
1052 4225 1063 4237 .
1091 4179 1455 4238 demonstrabi-

428 4270 559 4308 mus.

1518 1849 1720 1903 Lunam
1738 1892 1749 1907 ‚
1789 1849 1955 1903 multo
1978 1857 2150 1902 minus
2169 1848 2234 1901 ad
2257 1847 2434 1901 Solem
2450 1852 2541 1902 &c.
2562 1865 2738 1912 perunget.

1516 1916 1577 1972 sit
1602 1929 1887 1994 repletum3
1922 1919 2087 1972 multo
2123 1916 2341 1973 minime
2375 1925 2546 1974 acrem

1516 1989 1622 2044 hoc
1632 1994 1866 2066 Spatium
1881 1989 2073 2051 facere,
2099 1988 2309 2046 efficere
2322 1993 2404 2047 vel
2425 2009 2548 2047 coii-

1517 2062 1749 2126 stituere,
1788 2062 2008 2121 itasiae'r
2025 2064 2131 2121 veli
2171 2068 2251 2117 nis
2263 2063 2550 2120 Elementa·

1517 2142 1584 2192 ris
1598 2153 1686 2193 aut
1698 2141 1794 2194 alia
1805 2156 2056 2210 corporea
2068 2158 2094 2192 e
2136 2144 2277 2192 entia
2287 2155 2398 2190 non
2411 2133 2552 2200 esset,

1517 2229 1616 2265 nec
1626 2213 1856 2286 Spatium
1868 2210 1996 2268 illud
2013 2209 2112 2266 effe
2124 2209 2288 2286 poffet
2302 2250 2314 2270 ‚
2323 2207 2411 2264 sed
2424 2210 2546 2265 Tel-

1514 2281 1617 2344 lus,
1660 2289 1840 2346 Luna‚
1875 2284 2033 2339 Solae
2052 2281 2433 2358 reliquaAstra‚
2455 2281 2546 2338 sibi

1519 2361 1741 2414 invicem
1768 2359 1950 2413 fierent
1973 2365 2235 2431 contigua.
2295 2355 2433 2430 Qs
2456 2352 2548 2410 fibi

1524 2434 1785 2503 imaginari
1812 2430 1980 2503 potest
2004 2471 2016 2491 ‚
2052 2447 2141 2486 aut
2159 2429 2384 2484 Telluris
2417 2427 2549 2483 odo·

1519 2519 1628 2556 rem
1644 2543 1658 2563 ‚
1686 2512 1875 2556 Aerem
1887 2502 1982 2555 scil.
2001 2520 2088 2557 aut
2098 2506 2274 2575 Ignem
2289 2509 2549 2572 excogita-

1520 2589 1631 2628 tum
1646 2616 1660 2635 ‚
1696 2592 1785 2629 aut
1809 2572 2000 2647 aliquid
2022 2575 2160 2627 aliud
2183 2572 2283 2628 sive
2319 2571 2541 2626 solidum

1519 2643 1621 2700 sive
1643 2646 1863 2701 fluidum
1887 2687 1899 2705 ‚
1938 2642 2076 2719 posse
2098 2653 2235 2700 inter
2257 2643 2407 2698 Astra
2443 2649 2546 2699 Va-

1518 2718 1651 2773 stum
1668 2719 1793 2773 illud
1807 2721 2037 2791 Spatium
2049 2717 2360 2771 constituere
2372 2756 2384 2775 ,
2423 2720 2495 2770 ita
2505 2714 2542 2769 si

1515 2791 1766 2858 ejusmodi
1792 2795 2000 2846 materia
2016 2793 2185 2846 renuis
2210 2807 2319 2843 non
2334 2784 2457 2842 esset
2469 2792 2544 2841 in-

1515 2863 1758 2937 terposita
1771 2906 1783 2925 ,
1793 2882 1964 2938 neque
1975 2861 2213 2917 distantia
2224 2861 2411 2915 horum
2431 2879 2544 2915 cor-

1512 2956 1700 3011 porum
1714 2937 2111 2992 Mundanorum
2125 2931 2224 2989 esle
2238 2930 2404 3007 poffet
2417 2974 2430 2994 ,
2456 2932 2544 2988 sed

1514 3009 1691 3066 forent
1706 3013 1994 3067 adinvicem
2006 3014 2122 3078 conj
2129 3006 2313 3062 unita?
2349 3005 2544 3060 Nonne

1509 3083 1682 3140 sanius
1704 3082 2035 3141 statuendum
2059 3087 2079 3135 ?
2113 3078 2214 3136 five
2237 3077 2298 3134 sit
2319 3081 2543 3132 Materia

1513 3158 1681 3232 aliqua
1702 3155 1807 3211 sive
1835 3174 1944 3211 iion
1967 3152 2029 3209 sit
2051 3149 2374 3227 interposita,
2411 3151 2447 3204 S
2488 3171 2540 3205 a·

1510 3236 1642 3287 tium
1654 3228 1991 3285 nihilominus
2003 3223 2102 3281 esse
2115 3231 2166 3280 &
2177 3243 2385 3280 manere
2397 3265 2413 3289 ,
2454 3242 2538 3278 ine

1512 3305 1730 3359 astionis
1742 3301 2075 3377 paffionisque
2087 3297 2390 3355 conditione
2406 3339 2420 3359 ,
2441 3314 2537 3350 nec

1509 3373 1742 3432 intetesse
1763 3395 1829 3432 an
1853 3372 2280 3448 comprehensum
2305 3367 2367 3424 sit
2390 3374 2443 3424 in
2470 3387 2538 3422 eo

1508 3467 1817 3523 corporeum
1830 3446 1979 3525 quid,
2019 3449 2099 3502 vel
2112 3463 2236 3499 non.

1580 3544 1628 3588 4.
1656 3522 1823 3600 Qiod
1834 3539 2005 3577 errore
2020 3517 2270 3573 ducantur
2283 3513 2355 3567 illi
2367 3518 2454 3588 qui
2466 3517 2538 3566 in·

1507 3597 1706 3653 ferunt:
1746 3596 1873 3651 Non
1897 3592 2061 3648 solum
2089 3585 2403 3645 millesimam
2422 3604 2537 3660 par-

1509 3688 1616 3726 tem
1641 3675 1772 3726 acris
1796 3675 1851 3724 in
1875 3671 2008 3724 vitro
2034 3662 2309 3718 restantem
2326 3701 2339 3721 ‚
2372 3657 2459 3714 sed
2485 3663 2537 3712 &

1509 3742 1792 3821 quamlibet
1816 3736 2205 3796 minutissimam
2237 3732 2536 3808 particulam

1509 3813 1651 3892 posse
1662 3814 1998 3870 nihilominus
2011 3814 2198 3866 vitrum
2211 3806 2418 3879 replere.
2438 3808 2541 3857 Ve-

1509 3890 1623 3946 rum
1646 3886 1901 3963 (sepositis
1913 3884 2009 3940 illis
2056 3902 2132 3937 iiae
2146 3888 2198 3935 in
2215 3883 2430 3953 princip.
2456 3895 2538 3927 an-

1509 3961 1656 4021 teced.
1682 3979 1775 4036 cap.
1797 3962 1860 4015 de
1874 3903 2172 4033 quibdldam
2188 3954 2413 4006 diximus
2428 3951 2539 4020 :qui
2554 3955 2776 4042 εᾷεὶρὲἴι

1508 4042 1674 4093 nimir.
1709 4033 1907 4090 nullum
1940 4033 2041 4084 a'e‘ri
2064 4024 2360 4082 concedunt
2385 4037 2537 4074 cona·
2556 4018 2772 4103 mmfnff

1507 4129 1620 4167 tum
1643 4108 1746 4164 sese
1760 4102 2029 4170 dilatandi)
2050 4108 2166 4177 quis
2183 4142 2195 4159 ‚
2231 4093 2323 4150 nisi
2384 4110 2534 4147 raeoc-
2554 4108 2775 4146 ommam-

1509 4199 1723 4256 cupatus
1735 4181 1947 4234 aliorum
1962 4170 2294 4247 opinionibus
2309 4210 2321 4229 ,
2364 4166 2434 4220 ibi
2448 4183 2531 4220 ve·
2552 4157 2770 4242 ‘fltffssm

1479 4298 1486 4329 ς
1506 4257 1564 4311 lit
1576 4252 1788 4329 persuad
1798 4269 1895 4312 ere,
1911 4264 2109 4321 partem
2127 4240 2442 4299 millesimam
2453 4237 2535 4293 vel
2554 4220 2710 4305 ffffipoffe.

1957 4323 2002 4373 L
2048 4340 2067 4385 3
2358 4327 2536 4384 quam·
