3068 4718
165 1795 356 1884 gum

166 1847 389 1948 stiffi.

927 210 1049 264 Di:
1112 212 1482 268 VAcno
1555 211 1988 269 SPATio.

2479 238 2540 285 57

412 301 793 377 comprehendi
804 302 979 378 potest
994 344 1007 364 ,
1028 302 1258 379 ideoque
1285 299 1350 357 de
1373 321 1459 367 eo,
1506 302 1607 361 suis
1629 303 1856 362 effluviis
1882 303 2135 367 consistit,
2173 313 2286 377 ejus
2308 308 2433 365 veto
2457 320 2537 365 Va-

415 395 482 433 an
524 381 577 431 &
614 376 733 439 ubi,
771 377 851 433 vel
876 394 1096 435 vacuum
1121 417 1135 441 ,
1187 375 1267 433 vel
1293 374 1458 450 reple·
1503 397 1638 432 cuum
1668 420 1682 440 ,
1733 377 1821 435 ubi
1843 377 2045 436 nullum
2068 378 2322 452 ejusmodi
2346 401 2538 458 corpus

414 467 530 506 tum
558 447 648 516 sit,
669 466 754 507 tot
775 449 982 507 diversae
1010 455 1246 507 oriuntur
1257 448 1454 506 senten·
1503 469 1625 506 cum
1636 451 1738 509 suis
1752 450 1996 510 effluviis.

1575 523 1701 581 Non
1723 530 1794 581 ita
1831 544 1898 581 ue
1911 525 2177 603 loquimur
2188 526 2255 582 de
2268 538 2410 582 Vacuo
2421 527 2535 585 sim·
2581 543 2729 580 ratum,

415 529 520 578 tiae.

488 595 579 651 Est
615 612 794 652 autem
824 599 1124 726 Corporum
1150 595 1455 653 Mundano-
1502 596 1783 670 pliciterfic
1836 600 1937 655 icto
1955 597 2125 676 (quod
2149 597 2268 656 vere
2291 600 2420 656 nihil
2434 603 2509 657 est

415 688 532 724 rum
548 672 865 733 Continens,
875 679 932 728 ni

2521 646 2533 665 ἱ

412 748 537 796 tium
562 747 839 814 univerficm
860 786 876 808 ,
910 744 998 799 seu
1032 747 1138 799 Vas
1158 747 1353 801 Univet
1377 743 1457 800 ale
1500 745 1753 819 prehendi
1766 747 1983 821 potest.)
2020 746 2124 802 Sed
2140 747 2205 802 de
2219 759 2361 802 Vacuo
2373 755 2534 820 spatio

413 814 559 891 quod
571 823 751 873 omnia
763 823 1027 873 continet:
1065 823 1213 889 cujus
1236 817 1455 892 plenum
1505 822 1555 873 δε
1577 819 1705 895 quid
1727 819 1997 877 commodi
2022 827 2131 888 ejus
2145 840 2263 878 veta
2275 828 2532 897 cogniti0‚

413 908 662 947 vocamus
697 890 787 947 ubi
812 888 1066 963 ejusmodi
1107 910 1297 968 corpus
1334 911 1454 948 cum
1504 899 1606 950 toti
1619 893 1969 971 Philosophiae
1981 893 2196 952 adferat.

1216 1032 1584 1089 CAPUT
1660 1037 1760 1092 IV.

1133 1138 1217 1200 De

409 1245 964 1450 Nmenfionem
991 1435 1005 1456 ‚
1051 1394 1136 1452 vel
1173 1412 1233 1451 ut
1268 1397 1453 1471 vulgus

402 1466 638 1540 Spatium
650 1473 931 1543 concipere
943 1467 1088 1532 solet,
1103 1468 1169 1524 de
1182 1472 1452 1546 Magnitu-

407 1538 529 1596 dine
551 1584 565 1605 ,
594 1548 700 1598 Am
737 1541 960 1599 litudine
989 1586 1003 1606 ,
1039 1559 1129 1599 aut
1154 1546 1454 1622 Capacitate

407 1611 563 1682 hujus
577 1616 658 1674 vel
673 1563 806 1674 illius
819 1615 952 1679 Rei,
991 1617 1075 1674 vel
1088 1621 1222 1675 Loci
1239 1662 1252 1681 ,
1274 1620 1355 1677 vel
1369 1619 1452 1672 AE·

414 1685 604 1752 dificii,
642 1688 950 1752 velPalatii,
985 1696 1147 1764 Agri,
1178 1692 1455 1766 Regionis,

414 1761 687 1818 Distantiae
715 1803 732 1826 ,
766 1767 862 1819 &c.
925 1761 1033 1818 Sed
1081 1764 1148 1820 de
1180 1764 1459 1834 Univetsszli

414 1842 623 1891 omnium
659 1856 821 1891 rerum
871 1841 982 1902 Vqsi'e
1027 1853 1115 1890 aut
1150 1844 1457 1900 Continente3

413 1909 562 1986 quod
576 1929 687 1964 non
702 1909 775 1964 est
797 1908 1157 1964 aestimandum
1172 1911 1323 1964 secun
1331 1910 1455 1964 dum

410 1988 781 2062 quantitatem,
818 1980 907 2037 seu
933 1981 1320 2055 longitudinem
1345 1984 1457 2039 lati-

410 2057 649 2115 tudinem
675 2072 832 2130 atque
858 2053 1277 2129 profunditatem
1305 2081 1318 2111 z
1370 2076 1457 2112 ne-

443 2149 513 2187 ue
550 2126 986 2186 considerandum
1038 2131 1266 2206 respedw
1302 2130 1457 2187 ullius

406 2153 728 2265 substantia
766 2203 1128 2279 velpunfflm,
1166 2206 1249 2264 vel
1262 2206 1455 2270 seffim,

407 2279 492 2338 vel
516 2276 723 2337 divisim
736 2279 821 2335 vel
843 2297 912 2335 ex
923 2294 1069 2370 parte
1083 2320 1098 2342 ,
1131 2297 1222 2336 aut
1241 2279 1451 2355 superfi-

408 2354 606 2410 cialiter
632 2368 722 2409 aut
747 2357 956 2414 interne
978 2371 1069 2409 aut
1093 2352 1309 2410 externe
1324 2396 1338 2417 ,
1353 2359 1449 2409 ὅτε.

407 2429 527 2482 Nec
548 2443 644 2500 per
666 2426 732 2481 ali
770 2444 894 2480 uam
918 2423 1251 2480 diffusionem
1274 2468 1288 2490 ,
1327 2425 1454 2482 dila-

409 2507 671 2557 tationem
691 2516 758 2554 ve
799 2495 1171 2573 expansionem
1194 2498 1269 2555 sui
1283 2497 1455 2573 ipsius;

409 2571 590 2630 sedita
603 2570 750 2648 quod
769 2570 1040 2628 infinitum
1060 2575 1112 2626 &
1123 2577 1365 2633 omnium
1378 2592 1456 2628 re-

410 2665 529 2704 rum
540 2651 825 2702 continens
840 2644 931 2708 est,
945 2651 999 2701 in
1009 2663 1117 2721 quo
1132 2651 1310 2702 omnia
1323 2646 1457 2709 sunt,

411 2730 599 2779 vivunt
613 2725 666 2775 &
678 2736 982 2781 moventur,
1027 2718 1224 2774 nullam
1239 2719 1367 2775 inde
1377 2720 1457 2775 su-

410 2794 612 2851 stinens
623 2799 986 2862 variationem,
995 2792 1358 2851 alterationem
1369 2811 1460 2851 aut

409 2873 778 2925 mutationem-

479 2943 514 2999 S
556 2948 720 2998 atium
741 2948 922 3019 itaque
960 2940 1033 2998 du
1072 2941 1236 2998 liciter
1271 2940 1457 2999 intelli-

407 3036 510 3093 gen
550 3035 671 3073 um:
706 3018 822 3075 vel:
857 3015 1014 3071 secun
1059 3034 1147 3071 um
1161 3014 1317 3092 Vulgi
1330 3034 1454 3074 con·

409 3106 622 3165 ceptum
636 3115 649 3145 ε
690 3090 774 3149 vel
784 3088 1071 3147 secundum
1082 3093 1367 3161 Universtzle
1379 3111 1455 3146 re-

410 3184 520 3220 rum
529 3169 740 3219 omnium
751 3168 1021 3218 Continens.

1305 1133 1835 1204 SPATJO.

637 1245 732 1306 On
777 1244 1061 1303 trastamus
1109 1243 1212 1301 lioc
1242 1245 1362 1302 loco
1387 1243 1452 1301 de
1505 1252 1746 1304 omnium
1784 1267 1954 1306 rerum
1994 1254 2305 1306 Continenti
2342 1244 2537 1305 intelle·

637 1321 820 1396 Spatio
855 1318 1138 1376 secundum
1163 1324 1354 1377 trinam
1377 1319 1452 1376 di·
1505 1319 1677 1386 Qum,
1715 1322 1790 1378 est
1802 1342 1966 1380 omne
1988 1324 2044 1380 id
2061 1323 2205 1400 quod
2226 1342 2319 1399 per
2332 1322 2535 1379 nudum

1500 1393 1824 1453 intellestum
1851 1404 2143 1475 concipitur
2181 1417 2289 1454 non
2314 1396 2444 1452 effe:
2486 1402 2538 1450 δε

1501 1468 1647 1544 quod
1671 1490 1783 1526 non
1807 1472 1884 1528 est
1907 1472 2013 1529 hoc
2038 1488 2127 1528 aut
2149 1471 2276 1527 illud
2287 1468 2432 1548 quod
2443 1489 2539 1544 po-

1504 1541 1598 1599 test
1638 1544 1829 1608 videri,
1861 1553 2033 1623 tangi,
2078 1544 2248 1602 audiri
2274 1545 2355 1603 vel
2390 1542 2538 1600 sensi-

1503 1616 1601 1672 bus
1633 1625 1862 1693 percipi,
1899 1621 1987 1676 sed
2001 1618 2065 1676 ab
2089 1625 2237 1675 omni
2268 1620 2540 1675 materialis

1505 1706 1701 1745 naturae
1724 1692 2032 1749 conditione
2055 1692 2360 1748 abstrastum
2384 1692 2537 1768 quid3

1508 1761 1538 1815 ὲ
1563 1782 1671 1837 quo
1696 1772 1878 1821 omnia
1899 1765 2104 1822 infinite
2118 1764 2406 1841 discrepant
2426 1808 2441 1828 ,
2470 1772 2540 1822 ita

1507 1850 1565 1889 ut
1599 1835 1730 1890 nihil
1751 1837 1814 1892 fit
1837 1858 1894 1893 ac
1917 1838 2029 1893 fieri
2092 1838 2209 1891 offit
2230 1880 2243 1899 ‚
2293 1840 2440 1912 quod
2475 1839 2542 1894 ad

1503 1907 1852 1982 aequalitatem
1886 1917 1999 1982 ejus
2079 1907 2130 1965 Ιο
2159 1910 2326 1967 modo
2349 1918 2545 1988 pertin-

1504 1996 1607 2054 gat.

1579 2055 1715 2110 Seu:
1754 2055 1867 2120 Est,
1907 2076 2002 2132 per
2027 2059 2173 2135 quod
2202 2066 2381 2117 omnia
2402 2058 2546 2136 quasi

1505 2146 1670 2185 unum
1686 2128 1833 2196 sunt3
1867 2137 1919 2187 in
1937 2152 2044 2208 quo
2058 2141 2345 2211 repetimus
2367 2142 2548 2191 omnia

1504 2205 1700 2281 (neque
1715 2211 1856 2261 enim
1870 2208 2116 2281 nosipsos
2130 2252 2143 2272 ,
2181 2208 2276 2266 nifi
2302 2215 2357 2264 in
2385 2210 2420 2263 S
2436 2223 2468 2264 P
2484 2223 2549 2264 A·

1505 2290 1584 2333 TI
1603 2292 1643 2334 o
1668 2285 1898 2354 repetire
1935 2278 2241 2356 possumus.)
2275 2282 2434 2341 Unde
2471 2283 2548 2338 est

1503 2358 1815 2409 continuum
1854 2360 1905 2411 δε
1942 2357 2290 2430 pertransiens
2314 2359 2400 2416 vel
2433 2378 2545 2434 per-

1508 2443 1689 2514 means
1698 2427 1826 2501 quid
1837 2471 1849 2491 ,
1889 2450 1995 2506 quo
2010 2439 2253 2490 omnium
2267 2450 2546 2506 corporum

1508 2499 1826 2574 Magnitudo
1842 2509 2067 2575 capitur;
2104 2512 2260 2570 circa,
2294 2507 2379 2563 vel
2391 2522 2552 2569 extra,

1507 2576 1745 2648 intraque
1780 2584 1964 2631 omnia
1988 2576 2272 2635 consistens
2296 2620 2309 2640 ,
2346 2576 2550 2634 indific-

1511 2661 1683 2702 renter
1718 2656 1900 2704 omnia
1923 2654 2205 2723 recipienS,
2240 2668 2520 2726 penetrans
2534 2696 2549 2715 ,

1509 2716 1617 2774 fine
1628 2719 1847 2776 aetionis
1857 2721 2196 2799 paffionisque
2209 2725 2551 2792 eonditione3

1510 2791 1596 2848 Est
1612 2792 1937 2852 &lllocabile
1964 2797 2110 2872 (quia
2133 2799 2295 2873 Spatii
2317 2800 2551 2875 Spatium

1508 2885 1622 2922 non
1638 2866 1811 2939 datur)
1834 2870 2025 2926 nullius
2035 2876 2314 2948 particeps,
2353 2893 2451 2930 nec
2470 2895 2552 2935 re-

1507 2947 1771 3072 ceptivum
1785 2941 1970 3000 fotmae
1993 2945 2074 3002 vel
2086 2945 2350 3021 qualitatis
2372 2949 2454 3005 vel
2469 2969 2550 3005 ac-

1509 3021 1555 3070 ci
1596 3022 1733 3074 entis
1747 3058 1760 3079 ,
1776 3022 1873 3074 &c.
1890 3027 1967 3075 uti
1980 3037 2078 3096 cap.
2095 3035 2125 3076 6
2133 3064 2143 3075 .
2162 3021 2397 3097 pluribus
2411 3022 2549 3080 dice-

1508 3109 1654 3151 mus:

1580 3165 1803 3221 Certum
1816 3166 1893 3223 est
1903 3211 1917 3230 ‚
1941 3186 2102 3226 omne
2114 3189 2307 3247 corpus
2318 3166 2548 3249 indigere

195 3255 312 3310 spatii
339 3252 399 3293 d·-
490 3238 729 3314 Spatium
743 3235 810 3293 de
823 3237 1358 3296 Universaliomnium
1375 3259 1452 3296 re·
1502 3238 1795 3297 secundum
1831 3251 2171 3317 capacitatem
2189 3288 2202 3308 ,
2235 3247 2323 3303 seu
2355 3257 2546 3305 trinam

160 3308 313 3362 scriptio.

2548 590 2748 642 simpliciter

2555 644 2682 682 dedum
2703 646 2774 682 Ni·

972 670 1007 727 il
1021 669 1376 746 aliudquamS
1406 691 1456 725 a·
1500 689 1669 746 neque
1690 674 1906 748 intelligi
1933 717 1946 736 ‚
1982 692 2157 748 neque
2182 690 2356 730 mente
2392 693 2533 731 com·
2556 693 2608 733 1221
2622 693 2677 746 est.

2586 1623 2744 1675 Spatium

2558 1687 2636 1714 rum
2648 1675 2781 1713 nullan

2561 1738 2766 1770 comparan-

2559 1779 2655 1817 dum.

2592 3166 2782 3223 ,Quomodo

2568 3222 2730 3273 Spatium

2564 3275 2751 3325 percipien-

413 3333 531 3371 rum
557 3314 874 3369 Continenti
899 3311 1218 3369 intellectum
1238 3357 1252 3378 ,
1282 3315 1363 3372 est
1398 3321 1453 3370 in
1502 3312 1644 3371 suam
1665 3313 2045 3376 dimensionem
2063 3361 2078 3382 ‚
2100 3320 2282 3395 Spatio
2299 3326 2455 3377 etiam
2469 3328 2546 3377 in·
2566 3322 2732 3375 dumfitt

411 3407 523 3466 quo
536 3405 702 3444 omne
715 3388 923 3461 Corpus
934 3385 1022 3441 seu
1036 3393 1208 3446 omnis
1218 3388 1460 3457 Substan·
1502 3406 1656 3446 terno
1670 3432 1684 3452 ,
1708 3387 1817 3445 sine
1864 3411 1935 3448 uo
1949 3412 2045 3449 nec
2059 3391 2159 3450 effe
2169 3415 2268 3451 nec
2282 3393 2547 3451 subsistere

413 3471 517 3524 tia,
550 3460 702 3518 suum
716 3457 819 3516 effe
835 3458 1189 3517 velsubsistere
1203 3481 1291 3522 aut
1304 3464 1461 3520 habet
1503 3462 1704 3538 potest:
1740 3485 1829 3520 ver
1865 3509 1876 3521 .
1900 3488 1981 3543 gr.
2004 3468 2078 3523 Sit
2103 3471 2357 3530 conclave
2414 3469 2545 3525 uod-

415 3553 507 3595 aut
529 3535 642 3607 (hic
668 3533 755 3594 vel
776 3531 926 3597 alibi,
964 3533 1361 3594 secundumscil.
1379 3556 1461 3594 re·
1507 3536 1660 3603 dam,
1698 3545 1753 3595 in
1778 3560 1888 3616 quo
1918 3560 2020 3596 nec
2040 3540 2207 3597 homo
2233 3562 2330 3598 nec
2353 3491 2451 3599 allia
2465 3562 2547 3600 tes

417 3629 535 3669 tum
577 3610 927 3680 vicinitatem)
951 3607 1138 3665 habere
1159 3610 1358 3686 potest3
1396 3617 1484 3670 Et·
1505 3611 1798 3689 aliqua,nisi
1815 3617 1902 3672 a‘e'r
1912 3616 2122 3686 (scimus
2135 3622 2277 3673 enim
2292 3622 2347 3672 in
2359 3616 2544 3674 hacin-

417 3683 564 3762 quod
590 3683 719 3742 nulli
744 3682 888 3741 cedit
909 3723 925 3746 ,
963 3702 1060 3738 nec
1094 3698 1298 3741 tantum
1322 3685 1463 3743 cedit
1506 3683 1685 3745 feriori
1722 3689 1948 3746 Telluris
1980 3706 2125 3765 parte
2150 3731 2165 3753 ‚
2208 3699 2388 3750 omnia
2418 3694 2547 3767 Spa-

419 3775 675 3836 quantum
700 3759 779 3817 est
813 3777 1006 3834 corpus
1042 3775 1337 3832 receptum,
1371 3760 1462 3818 sed
1506 3766 1580 3817 tia
1613 3760 1729 3818 aliis
1768 3761 2046 3820 visibilibus
2092 3784 2157 3820 co
2218 3767 2396 3825 oribus
2434 3786 2546 3823 non

417 3849 733 3910 permanens
745 3831 819 3891 est
830 3850 991 3910 atque
1007 3831 1306 3897 immobile,
1331 3835 1460 3892 indi·
1506 3834 1725 3910 repleta,
1748 3840 1867 3893 aere
1879 3838 2156 3913 repleri)se
2205 3837 2374 3917 siquis
2394 3850 2547 3898 intra·

418 3902 613 3964 vifibile
637 3948 651 3969 ,
686 3907 775 3964 ubi
813 3927 884 3966 ue
930 3913 987 3964 in
1034 3906 1281 3965 omnibus
1304 3951 1318 3971 ,
1369 3928 1462 3984 per
1509 3925 1587 3964 ret
1610 3917 1665 3971 in
1697 3911 1828 3967 illud
1851 3912 2094 3968 conclave
2118 3917 2238 3970 a'e‘re
2269 3916 2546 3991 repletum,

418 3984 627 4043 omnia,
662 3978 764 4039 sive
797 4001 877 4042 int
899 3983 1175 4058 Corporea
1188 3981 1268 4037 vel
1290 3986 1462 4040 Incor-
1509 3999 1637 4039 tunc
1674 3987 1851 4041 a'e'rem
1884 3985 2061 4062 quoad
2093 3988 2234 4044 suam
2272 3990 2544 4064 personam

419 4071 618 4131 porea,
652 4062 840 4132 cuique
854 4056 1162 4116 nihilinsert
1173 4053 1295 4119 esse,
1319 4057 1460 4114 disto
1509 4072 1599 4113 aut
1615 4057 1950 4116 substentiam
1976 4061 2283 4136 expelleret,
2309 4061 2543 4139 illudque

419 4126 659 4205 respestu
682 4168 698 4193 ,
736 4129 822 4187 hic
846 4132 928 4191 vel
942 4132 1082 4199 alibi,
1099 4131 1357 4206 repletum
1380 4133 1462 4191 vel
1507 4131 1742 4206 Spatium
1759 4174 1775 4197 ,
1806 4134 1951 4210 quod
1974 4134 2045 4190 ibi
2069 4154 2222 4192 antea
2242 4139 2361 4192 a'e're
2382 4136 2544 4211 reple-

419 4209 595 4257 inane.
1511 4220 1989 4283 tumerat,corpore
2000 4208 2091 4265 suo
2102 4211 2455 4285 occuparet.Si
2471 4230 2546 4266 re-

499 4276 605 4338 Seu
620 4299 636 4332 ε
671 4275 710 4332 S
725 4291 757 4333 P
771 4290 815 4334 A
829 4291 870 4335 T
887 4293 910 4336 1
924 4295 965 4340 u
980 4295 1031 4336 M
1063 4279 1133 4340 de
1168 4278 1460 4342 Universali
1511 4278 1734 4349 cederet,
1746 4297 1872 4340 tunc
1884 4285 2171 4342 ae‘riterum
2183 4282 2474 4342 succederet
2485 4292 2543 4339 in

1983 4359 2043 4413 H
2368 4358 2542 4416 locum
