<?xml version="1.0" encoding="UTF-8"?>
<!DOCTYPE html PUBLIC "-//W3C//DTD XHTML 1.0 Transitional//EN"
    "http://www.w3.org/TR/xhtml1/DTD/xhtml1-transitional.dtd">
<html xmlns="http://www.w3.org/1999/xhtml" xml:lang="en" lang="en">
 <head>
  <title>
</title>
<meta http-equiv="Content-Type" content="text/html;charset=utf-8" />
  <meta name='ocr-system' content='tesseract 3.04.00' />
  <meta name='ocr-capabilities' content='ocr_page ocr_carea ocr_par ocr_line ocrx_word'/>
</head>
<body>
  <div class='ocr_page' id='page_1' title='image "./experimentanovau00gueruoft_0223.png"; bbox 0 0 3068 4718; ppageno 0'>
   <div class='ocr_carea' id='block_1_1' title="bbox 0 1716 8 2669">
    <p class='ocr_par' dir='ltr' id='par_1_1' title="bbox 0 1716 8 2669">
     <span class='ocr_line' id='line_1_1' title="bbox 0 1716 8 2669; baseline 0 0"><span class='ocrx_word' id='word_1_1' title='bbox 0 1716 8 2669; x_wconf 95' lang='lat' dir='ltr'> </span> 
     </span>
    </p>
   </div>
   <div class='ocr_carea' id='block_1_2' title="bbox 405 296 1441 467">
    <p class='ocr_par' dir='ltr' id='par_1_2' title="bbox 405 296 1441 467">
     <span class='ocr_line' id='line_1_2' title="bbox 1114 296 1441 353; baseline 0.006 -2"><span class='ocrx_word' id='word_1_2' title='bbox 1114 298 1238 353; x_wconf 64' lang='lat'>1³3</span> <span class='ocrx_word' id='word_1_3' title='bbox 1311 296 1441 353; x_wconf 79' lang='lat'>(30</span> 
     </span>
     <span class='ocr_line' id='line_1_3' title="bbox 405 387 1432 467; baseline 0.004 -21"><span class='ocrx_word' id='word_1_4' title='bbox 405 387 737 466; x_wconf 86' lang='lat' dir='ltr'>dispofitione</span> <span class='ocrx_word' id='word_1_5' title='bbox 764 389 919 447; x_wconf 88' lang='lat' dir='ltr'>docet</span> <span class='ocrx_word' id='word_1_6' title='bbox 942 399 1270 467; x_wconf 85' lang='lat' dir='ltr'>experientia.</span> <span class='ocrx_word' id='word_1_7' title='bbox 1309 394 1432 450; x_wconf 91' lang='lat' dir='ltr'>Non</span> 
     </span>
    </p>
   </div>
   <div class='ocr_carea' id='block_1_3' title="bbox 1483 310 2768 494">
    <p class='ocr_par' dir='ltr' id='par_1_3' title="bbox 1483 310 2768 494">
     <span class='ocr_line' id='line_1_4' title="bbox 1483 310 2518 376; baseline 0.01 -23"><span class='ocrx_word' id='word_1_8' title='bbox 1483 311 1532 353; x_wconf 87' lang='grc' dir='ltr'>Μ</span> <span class='ocrx_word' id='word_1_9' title='bbox 1568 310 1604 354; x_wconf 86' lang='lat'>1·:</span> <span class='ocrx_word' id='word_1_10' title='bbox 1640 310 1683 353; x_wconf 91' lang='lat' dir='ltr'>T</span> <span class='ocrx_word' id='word_1_11' title='bbox 1723 312 1745 354; x_wconf 94' lang='lat'>1</span> <span class='ocrx_word' id='word_1_12' title='bbox 1785 314 1833 355; x_wconf 82' lang='lat' dir='ltr'>S.</span> <span class='ocrx_word' id='word_1_13' title='bbox 2424 329 2518 376; x_wconf 86' lang='lat'>193</span> 
     </span>
     <span class='ocr_line' id='line_1_5' title="bbox 1498 393 2768 494; baseline -0.002 -42"><span class='ocrx_word' id='word_1_14' title='bbox 1498 395 1580 452; x_wconf 89' lang='lat' dir='ltr'>vel</span> <span class='ocrx_word' id='word_1_15' title='bbox 1593 396 1639 449; x_wconf 91' lang='lat' dir='ltr'>C</span> <span class='ocrx_word' id='word_1_16' title='bbox 1655 398 1723 458; x_wconf 91' lang='lat' dir='ltr'>C,</span> <span class='ocrx_word' id='word_1_17' title='bbox 1736 393 1971 452; x_wconf 89' lang='lat' dir='ltr'>milliaria</span> <span class='ocrx_word' id='word_1_18' title='bbox 1985 402 2295 473; x_wconf 80' lang='lat' dir='ltr'>experimur?</span> <span class='ocrx_word' id='word_1_19' title='bbox 2303 400 2521 455; x_wconf 89' lang='lat' dir='ltr'>Utinam</span> <span class='ocrx_word' id='word_1_20' title='bbox 2549 397 2768 494; x_wconf 41' lang='lat'>3:732&amp;</span> 
     </span>
    </p>
   </div>
   <div class='ocr_carea' id='block_1_4' title="bbox 394 464 2755 544">
    <p class='ocr_par' dir='ltr' id='par_1_4' title="bbox 394 464 2755 544">
     <span class='ocr_line' id='line_1_6' title="bbox 394 464 2755 544; baseline 0.004 -25"><span class='ocrx_word' id='word_1_21' title='bbox 394 479 611 520; x_wconf 89' lang='lat' dir='ltr'>tantum</span> <span class='ocrx_word' id='word_1_22' title='bbox 623 464 722 520; x_wconf 88' lang='lat' dir='ltr'>alta</span> <span class='ocrx_word' id='word_1_23' title='bbox 746 470 1006 521; x_wconf 90' lang='lat' dir='ltr'>montium</span> <span class='ocrx_word' id='word_1_24' title='bbox 1015 473 1167 540; x_wconf 88' lang='lat' dir='ltr'>juga,</span> <span class='ocrx_word' id='word_1_25' title='bbox 1193 465 1434 523; x_wconf 88' lang='lat' dir='ltr'>sed&amp;his</span> <span class='ocrx_word' id='word_1_26' title='bbox 1492 466 1811 525; x_wconf 88' lang='lat' dir='ltr'>scireliceret</span> <span class='ocrx_word' id='word_1_27' title='bbox 1825 511 1837 531; x_wconf 92' lang='lat'>,</span> <span class='ocrx_word' id='word_1_28' title='bbox 1865 475 1979 544; x_wconf 91' lang='lat' dir='ltr'>quis</span> <span class='ocrx_word' id='word_1_29' title='bbox 1998 470 2119 527; x_wconf 90' lang='lat' dir='ltr'>situs</span> <span class='ocrx_word' id='word_1_30' title='bbox 2135 471 2353 529; x_wconf 92' lang='lat' dir='ltr'>homulli</span> <span class='ocrx_word' id='word_1_31' title='bbox 2368 470 2519 532; x_wconf 89' lang='lat' dir='ltr'>illius,</span> <span class='ocrx_word' id='word_1_32' title='bbox 2550 499 2755 536; x_wconf 53' lang='lat' dir='ltr'>amma.</span> 
     </span>
    </p>
   </div>
   <div class='ocr_carea' id='block_1_5' title="bbox 383 534 1433 1469">
    <p class='ocr_par' dir='ltr' id='par_1_5' title="bbox 383 534 1433 1469">
     <span class='ocr_line' id='line_1_7' title="bbox 390 534 1414 600; baseline 0.004 -9"><span class='ocrx_word' id='word_1_33' title='bbox 390 534 557 593; x_wconf 87' lang='lat' dir='ltr'>adsita</span> <span class='ocrx_word' id='word_1_34' title='bbox 574 579 589 600; x_wconf 92' lang='lat'>,</span> <span class='ocrx_word' id='word_1_35' title='bbox 603 552 714 592; x_wconf 89' lang='lat' dir='ltr'>tum</span> <span class='ocrx_word' id='word_1_36' title='bbox 741 537 863 593; x_wconf 78' lang='lat' dir='ltr'>vero</span> <span class='ocrx_word' id='word_1_37' title='bbox 877 543 927 593; x_wconf 89' lang='lat'>&amp;</span> <span class='ocrx_word' id='word_1_38' title='bbox 943 546 1195 596; x_wconf 89' lang='lat' dir='ltr'>maritima</span> <span class='ocrx_word' id='word_1_39' title='bbox 1205 541 1319 595; x_wconf 88' lang='lat' dir='ltr'>loca</span> <span class='ocrx_word' id='word_1_40' title='bbox 1331 558 1414 595; x_wconf 83' lang='lat' dir='ltr'>cre</span> 
     </span>
     <span class='ocr_line' id='line_1_8' title="bbox 391 606 1433 686; baseline 0.004 -23"><span class='ocrx_word' id='word_1_41' title='bbox 391 606 497 664; x_wconf 87' lang='lat' dir='ltr'>bris</span> <span class='ocrx_word' id='word_1_42' title='bbox 541 613 592 663; x_wconf 74' lang='grc' dir='ltr'>δε</span> <span class='ocrx_word' id='word_1_43' title='bbox 626 608 1107 667; x_wconf 84' lang='lat' dir='ltr'>vehementioribus</span> <span class='ocrx_word' id='word_1_44' title='bbox 1143 612 1344 686; x_wconf 86' lang='lat' dir='ltr'>perflari</span> <span class='ocrx_word' id='word_1_45' title='bbox 1382 617 1433 667; x_wconf 91' lang='lat'>&amp;</span> 
     </span>
     <span class='ocr_line' id='line_1_9' title="bbox 392 682 1432 758; baseline 0.004 -21"><span class='ocrx_word' id='word_1_46' title='bbox 392 688 602 737; x_wconf 90' lang='lat' dir='ltr'>concuti</span> <span class='ocrx_word' id='word_1_47' title='bbox 619 690 786 737; x_wconf 87' lang='lat' dir='ltr'>ventis</span> <span class='ocrx_word' id='word_1_48' title='bbox 800 682 1062 741; x_wconf 90' lang='lat' dir='ltr'>sentimus.</span> <span class='ocrx_word' id='word_1_49' title='bbox 1087 683 1175 740; x_wconf 90' lang='lat' dir='ltr'>Illa</span> <span class='ocrx_word' id='word_1_50' title='bbox 1194 684 1432 758; x_wconf 88' lang='lat' dir='ltr'>palustria</span> 
     </span>
     <span class='ocr_line' id='line_1_10' title="bbox 395 755 1430 830; baseline 0.006 -23"><span class='ocrx_word' id='word_1_51' title='bbox 395 757 447 807; x_wconf 88' lang='lat'>&amp;</span> <span class='ocrx_word' id='word_1_52' title='bbox 484 755 675 811; x_wconf 87' lang='lat' dir='ltr'>multas</span> <span class='ocrx_word' id='word_1_53' title='bbox 712 755 1070 812; x_wconf 86' lang='lat' dir='ltr'>exhalationes</span> <span class='ocrx_word' id='word_1_54' title='bbox 1117 757 1430 830; x_wconf 84' lang='lat' dir='ltr'>generandis</span> 
     </span>
     <span class='ocr_line' id='line_1_11' title="bbox 385 824 1424 902; baseline 0.009 -25"><span class='ocrx_word' id='word_1_55' title='bbox 385 824 576 898; x_wconf 90' lang='lat' dir='ltr'>pluviis</span> <span class='ocrx_word' id='word_1_56' title='bbox 619 845 766 902; x_wconf 90' lang='lat' dir='ltr'>aptas</span> <span class='ocrx_word' id='word_1_57' title='bbox 803 829 990 884; x_wconf 87' lang='lat' dir='ltr'>sursum</span> <span class='ocrx_word' id='word_1_58' title='bbox 1029 835 1290 886; x_wconf 86' lang='lat' dir='ltr'>mittentia</span> <span class='ocrx_word' id='word_1_59' title='bbox 1324 828 1424 886; x_wconf 88' lang='lat' dir='ltr'>fre-</span> 
     </span>
     <span class='ocr_line' id='line_1_12' title="bbox 383 901 1424 975; baseline 0.004 -23"><span class='ocrx_word' id='word_1_60' title='bbox 383 901 662 973; x_wconf 90' lang='lat' dir='ltr'>quentibus</span> <span class='ocrx_word' id='word_1_61' title='bbox 687 907 832 975; x_wconf 86' lang='lat' dir='ltr'>rigari</span> <span class='ocrx_word' id='word_1_62' title='bbox 890 902 1305 959; x_wconf 88' lang='lat' dir='ltr'>luviisvidemus.</span> <span class='ocrx_word' id='word_1_63' title='bbox 1342 904 1424 956; x_wconf 88' lang='lat' dir='ltr'>AE-</span> 
     </span>
     <span class='ocr_line' id='line_1_13' title="bbox 389 976 1423 1046; baseline 0.004 -19"><span class='ocrx_word' id='word_1_64' title='bbox 389 986 610 1046; x_wconf 88' lang='lat' dir='ltr'>gyptum</span> <span class='ocrx_word' id='word_1_65' title='bbox 635 989 805 1028; x_wconf 91' lang='lat' dir='ltr'>autem</span> <span class='ocrx_word' id='word_1_66' title='bbox 869 992 1093 1037; x_wconf 83' lang='lat' dir='ltr'>cracem,</span> <span class='ocrx_word' id='word_1_67' title='bbox 1132 977 1271 1032; x_wconf 88' lang='lat' dir='ltr'>orbis</span> <span class='ocrx_word' id='word_1_68' title='bbox 1307 976 1423 1031; x_wconf 91' lang='lat' dir='ltr'>hor-</span> 
     </span>
     <span class='ocr_line' id='line_1_14' title="bbox 390 1044 1426 1122; baseline 0.003 -22"><span class='ocrx_word' id='word_1_69' title='bbox 390 1044 652 1110; x_wconf 87' lang='lat' dir='ltr'>reum,etfi</span> <span class='ocrx_word' id='word_1_70' title='bbox 662 1045 931 1118; x_wconf 85' lang='lat' dir='ltr'>paludibus</span> <span class='ocrx_word' id='word_1_71' title='bbox 944 1047 1426 1122; x_wconf 83' lang='lat' dir='ltr'>abundantem,plu·</span> 
     </span>
     <span class='ocr_line' id='line_1_15' title="bbox 392 1121 1426 1195; baseline 0.004 -23"><span class='ocrx_word' id='word_1_72' title='bbox 392 1124 591 1174; x_wconf 88' lang='lat' dir='ltr'>viarum</span> <span class='ocrx_word' id='word_1_73' title='bbox 614 1136 788 1175; x_wconf 89' lang='lat' dir='ltr'>tamen</span> <span class='ocrx_word' id='word_1_74' title='bbox 803 1138 1067 1195; x_wconf 83' lang='lat' dir='ltr'>expertem</span> <span class='ocrx_word' id='word_1_75' title='bbox 1091 1121 1199 1176; x_wconf 95' lang='lat' dir='ltr'>solo</span> <span class='ocrx_word' id='word_1_76' title='bbox 1218 1122 1342 1176; x_wconf 90' lang='lat' dir='ltr'>Nilo</span> <span class='ocrx_word' id='word_1_77' title='bbox 1363 1126 1426 1175; x_wconf 91' lang='lat' dir='ltr'>ir-</span> 
     </span>
     <span class='ocr_line' id='line_1_16' title="bbox 392 1190 1427 1269; baseline 0.004 -25"><span class='ocrx_word' id='word_1_78' title='bbox 392 1195 542 1265; x_wconf 88' lang='lat' dir='ltr'>rigari</span> <span class='ocrx_word' id='word_1_79' title='bbox 568 1190 860 1248; x_wconf 85' lang='lat' dir='ltr'>didicimus.</span> <span class='ocrx_word' id='word_1_80' title='bbox 915 1195 991 1248; x_wconf 92' lang='lat' dir='ltr'>Ita</span> <span class='ocrx_word' id='word_1_81' title='bbox 1015 1192 1099 1248; x_wconf 90' lang='lat' dir='ltr'>hic</span> <span class='ocrx_word' id='word_1_82' title='bbox 1122 1213 1334 1269; x_wconf 90' lang='lat' dir='ltr'>quoque</span> <span class='ocrx_word' id='word_1_83' title='bbox 1356 1213 1427 1249; x_wconf 89' lang='lat' dir='ltr'>re·</span> 
     </span>
     <span class='ocr_line' id='line_1_17' title="bbox 391 1267 1424 1341; baseline 0.005 -24"><span class='ocrx_word' id='word_1_84' title='bbox 391 1282 506 1317; x_wconf 88' lang='lat' dir='ltr'>runi</span> <span class='ocrx_word' id='word_1_85' title='bbox 541 1280 793 1337; x_wconf 89' lang='lat' dir='ltr'>apparent</span> <span class='ocrx_word' id='word_1_86' title='bbox 831 1271 968 1322; x_wconf 89' lang='lat' dir='ltr'>vices</span> <span class='ocrx_word' id='word_1_87' title='bbox 1000 1272 1021 1321; x_wconf 86' lang='lat'>?</span> <span class='ocrx_word' id='word_1_88' title='bbox 1063 1267 1424 1341; x_wconf 85' lang='lat' dir='ltr'>Tempestates</span> 
     </span>
     <span class='ocr_line' id='line_1_18' title="bbox 387 1333 1424 1409; baseline 0.007 -21"><span class='ocrx_word' id='word_1_89' title='bbox 387 1333 532 1409; x_wconf 69' lang='lat' dir='ltr'>aeque</span> <span class='ocrx_word' id='word_1_90' title='bbox 547 1351 604 1390; x_wconf 89' lang='lat' dir='ltr'>ut</span> <span class='ocrx_word' id='word_1_91' title='bbox 617 1335 728 1392; x_wconf 85' lang='lat' dir='ltr'>aliae</span> <span class='ocrx_word' id='word_1_92' title='bbox 742 1356 825 1395; x_wconf 90' lang='lat' dir='ltr'>res</span> <span class='ocrx_word' id='word_1_93' title='bbox 850 1338 1014 1395; x_wconf 87' lang='lat' dir='ltr'>tristes</span> <span class='ocrx_word' id='word_1_94' title='bbox 1028 1343 1079 1392; x_wconf 91' lang='lat'>&amp;</span> <span class='ocrx_word' id='word_1_95' title='bbox 1094 1339 1223 1395; x_wconf 86' lang='lat' dir='ltr'>laetae</span> <span class='ocrx_word' id='word_1_96' title='bbox 1236 1340 1320 1395; x_wconf 91' lang='lat' dir='ltr'>ubi</span> <span class='ocrx_word' id='word_1_97' title='bbox 1360 1360 1424 1395; x_wconf 88' lang='lat' dir='ltr'>ue</span> 
     </span>
     <span class='ocr_line' id='line_1_19' title="bbox 385 1410 1420 1469; baseline 0.007 -7"><span class='ocrx_word' id='word_1_98' title='bbox 385 1422 633 1464; x_wconf 88' lang='lat' dir='ltr'>tetrarum</span> <span class='ocrx_word' id='word_1_99' title='bbox 647 1410 855 1469; x_wconf 86' lang='lat' dir='ltr'>alternis</span> <span class='ocrx_word' id='word_1_100' title='bbox 877 1410 1169 1467; x_wconf 89' lang='lat' dir='ltr'>succedunt.</span> <span class='ocrx_word' id='word_1_101' title='bbox 1209 1412 1318 1469; x_wconf 89' lang='lat' dir='ltr'>Nec</span> <span class='ocrx_word' id='word_1_102' title='bbox 1370 1433 1420 1468; x_wconf 90' lang='lat' dir='ltr'>u·</span> 
     </span>
    </p>
   </div>
   <div class='ocr_carea' id='block_1_6' title="bbox 1477 539 2762 1417">
    <p class='ocr_par' dir='ltr' id='par_1_6' title="bbox 1483 539 2762 906">
     <span class='ocr_line' id='line_1_20' title="bbox 1492 539 2705 616; baseline 0 -21"><span class='ocrx_word' id='word_1_103' title='bbox 1492 539 1527 594; x_wconf 89' lang='lat' dir='ltr'>si</span> <span class='ocrx_word' id='word_1_104' title='bbox 1542 546 1593 596; x_wconf 89' lang='lat'>&amp;</span> <span class='ocrx_word' id='word_1_105' title='bbox 1604 542 1743 616; x_wconf 87' lang='lat' dir='ltr'>apud</span> <span class='ocrx_word' id='word_1_106' title='bbox 1758 561 1857 599; x_wconf 90' lang='lat' dir='ltr'>nos</span> <span class='ocrx_word' id='word_1_107' title='bbox 1872 547 1923 597; x_wconf 89' lang='lat'>&amp;</span> <span class='ocrx_word' id='word_1_108' title='bbox 1936 543 2064 599; x_wconf 90' lang='lat' dir='ltr'>ultra</span> <span class='ocrx_word' id='word_1_109' title='bbox 2078 544 2126 597; x_wconf 91' lang='lat' dir='ltr'>C</span> <span class='ocrx_word' id='word_1_110' title='bbox 2140 586 2153 606; x_wconf 94' lang='lat'>,</span> <span class='ocrx_word' id='word_1_111' title='bbox 2172 547 2250 600; x_wconf 88' lang='lat' dir='ltr'>vel</span> <span class='ocrx_word' id='word_1_112' title='bbox 2266 547 2314 600; x_wconf 88' lang='lat' dir='ltr'>C</span> <span class='ocrx_word' id='word_1_113' title='bbox 2329 549 2390 608; x_wconf 89' lang='lat' dir='ltr'>C,</span> <span class='ocrx_word' id='word_1_114' title='bbox 2404 545 2516 598; x_wconf 86' lang='lat' dir='ltr'>mil·</span> <span class='ocrx_word' id='word_1_115' title='bbox 2545 546 2705 595; x_wconf 61' lang='lat' dir='ltr'>taust&amp;</span> 
     </span>
     <span class='ocr_line' id='line_1_21' title="bbox 1489 599 2762 692; baseline 0.003 -24"><span class='ocrx_word' id='word_1_116' title='bbox 1489 616 1627 670; x_wconf 86' lang='lat' dir='ltr'>liaria</span> <span class='ocrx_word' id='word_1_117' title='bbox 1639 611 1803 676; x_wconf 91' lang='lat' dir='ltr'>foret,</span> <span class='ocrx_word' id='word_1_118' title='bbox 1828 631 1936 671; x_wconf 90' lang='lat' dir='ltr'>tum</span> <span class='ocrx_word' id='word_1_119' title='bbox 1952 635 2064 690; x_wconf 86' lang='lat' dir='ltr'>quae</span> <span class='ocrx_word' id='word_1_120' title='bbox 2079 615 2346 692; x_wconf 89' lang='lat' dir='ltr'>utrobique</span> <span class='ocrx_word' id='word_1_121' title='bbox 2359 624 2516 692; x_wconf 91' lang='lat' dir='ltr'>inque</span> <span class='ocrx_word' id='word_1_122' title='bbox 2543 600 2639 685; x_wconf 56' lang='grc' dir='ltr'>3,ἶῖ</span> <span class='ocrx_word' id='word_1_123' title='bbox 2649 599 2762 687; x_wconf 55' lang='lat'>{⁰22⁵</span> 
     </span>
     <span class='ocr_line' id='line_1_22' title="bbox 1488 688 2706 756; baseline 0.004 -15"><span class='ocrx_word' id='word_1_124' title='bbox 1488 688 1618 742; x_wconf 91' lang='lat' dir='ltr'>locis</span> <span class='ocrx_word' id='word_1_125' title='bbox 1642 692 2059 756; x_wconf 69' lang='lat' dir='ltr'>interjacentibus</span> <span class='ocrx_word' id='word_1_126' title='bbox 2081 694 2211 746; x_wconf 69' lang='lat' dir='ltr'>aeris</span> <span class='ocrx_word' id='word_1_127' title='bbox 2235 697 2365 746; x_wconf 89' lang='lat' dir='ltr'>ratio</span> <span class='ocrx_word' id='word_1_128' title='bbox 2396 733 2409 751; x_wconf 90' lang='lat'>,</span> <span class='ocrx_word' id='word_1_129' title='bbox 2461 696 2512 745; x_wconf 72' lang='grc' dir='ltr'>δι</span> <span class='ocrx_word' id='word_1_130' title='bbox 2541 698 2706 738; x_wconf 66' lang='lat' dir='ltr'>milliaria</span> 
     </span>
     <span class='ocr_line' id='line_1_23' title="bbox 1485 748 2636 836; baseline 0.002 -21"><span class='ocrx_word' id='word_1_131' title='bbox 1485 759 1802 833; x_wconf 84' lang='lat' dir='ltr'>tempestatis</span> <span class='ocrx_word' id='word_1_132' title='bbox 1815 761 2113 817; x_wconf 88' lang='lat' dir='ltr'>constitutio</span> <span class='ocrx_word' id='word_1_133' title='bbox 2129 767 2149 817; x_wconf 66' lang='grc' dir='ltr'><em>ἒ</em></span> <span class='ocrx_word' id='word_1_134' title='bbox 2164 765 2263 818; x_wconf 88' lang='lat' dir='ltr'>Hic</span> <span class='ocrx_word' id='word_1_135' title='bbox 2275 762 2341 817; x_wconf 91' lang='lat' dir='ltr'>ad</span> <span class='ocrx_word' id='word_1_136' title='bbox 2355 781 2509 836; x_wconf 86' lang='lat' dir='ltr'>expe·</span> <span class='ocrx_word' id='word_1_137' title='bbox 2531 748 2636 799; x_wconf 75' lang='lat' dir='ltr'>fem.</span> 
     </span>
     <span class='ocr_line' id='line_1_24' title="bbox 1483 834 2510 906; baseline 0.004 -20"><span class='ocrx_word' id='word_1_138' title='bbox 1483 837 1721 887; x_wconf 90' lang='lat' dir='ltr'>rientiam</span> <span class='ocrx_word' id='word_1_139' title='bbox 1737 838 1988 906; x_wconf 88' lang='lat' dir='ltr'>optimam</span> <span class='ocrx_word' id='word_1_140' title='bbox 2014 838 2065 888; x_wconf 88' lang='lat'>&amp;</span> <span class='ocrx_word' id='word_1_141' title='bbox 2080 834 2418 890; x_wconf 84' lang='lat' dir='ltr'>fideliffimam</span> <span class='ocrx_word' id='word_1_142' title='bbox 2431 855 2510 890; x_wconf 87' lang='lat' dir='ltr'>te·</span> 
     </span>
    </p>

    <p class='ocr_par' dir='ltr' id='par_1_7' title="bbox 1477 904 2509 1272">
     <span class='ocr_line' id='line_1_25' title="bbox 1482 904 2505 978; baseline 0.001 -19"><span class='ocrx_word' id='word_1_143' title='bbox 1482 924 1595 959; x_wconf 84' lang='lat' dir='ltr'>rum</span> <span class='ocrx_word' id='word_1_144' title='bbox 1646 904 1934 978; x_wconf 85' lang='lat' dir='ltr'>magistram</span> <span class='ocrx_word' id='word_1_145' title='bbox 1993 906 2359 963; x_wconf 89' lang='lat' dir='ltr'>recurrendum</span> <span class='ocrx_word' id='word_1_146' title='bbox 2419 907 2505 963; x_wconf 85' lang='lat' dir='ltr'>est.</span> 
     </span>
     <span class='ocr_line' id='line_1_26' title="bbox 1481 976 2507 1055; baseline 0.006 -25"><span class='ocrx_word' id='word_1_147' title='bbox 1481 976 1712 1050; x_wconf 88' lang='lat' dir='ltr'>Ignosce,</span> <span class='ocrx_word' id='word_1_148' title='bbox 1733 977 2059 1051; x_wconf 85' lang='lat' dir='ltr'>Ampliffime</span> <span class='ocrx_word' id='word_1_149' title='bbox 2072 983 2300 1036; x_wconf 91' lang='lat' dir='ltr'>Domine</span> <span class='ocrx_word' id='word_1_150' title='bbox 2315 1022 2328 1043; x_wconf 92' lang='lat'>,</span> <span class='ocrx_word' id='word_1_151' title='bbox 2362 979 2507 1055; x_wconf 92' lang='lat' dir='ltr'>quod</span> 
     </span>
     <span class='ocr_line' id='line_1_27' title="bbox 1480 1049 2508 1108; baseline 0.005 -5"><span class='ocrx_word' id='word_1_152' title='bbox 1480 1066 1681 1105; x_wconf 85' lang='lat' dir='ltr'>tantum</span> <span class='ocrx_word' id='word_1_153' title='bbox 1707 1049 2011 1106; x_wconf 88' lang='lat' dir='ltr'>humanitati</span> <span class='ocrx_word' id='word_1_154' title='bbox 2037 1054 2167 1108; x_wconf 84' lang='lat' dir='ltr'>Tuae</span> <span class='ocrx_word' id='word_1_155' title='bbox 2190 1058 2241 1107; x_wconf 87' lang='lat'>&amp;</span> <span class='ocrx_word' id='word_1_156' title='bbox 2251 1052 2508 1108; x_wconf 85' lang='lat' dir='ltr'>Nobiliffi-</span> 
     </span>
     <span class='ocr_line' id='line_1_28' title="bbox 1477 1122 2507 1199; baseline 0.005 -23"><span class='ocrx_word' id='word_1_157' title='bbox 1477 1122 1669 1177; x_wconf 87' lang='lat' dir='ltr'>miFilii</span> <span class='ocrx_word' id='word_1_158' title='bbox 1700 1123 1803 1176; x_wconf 90' lang='lat' dir='ltr'>Tui</span> <span class='ocrx_word' id='word_1_159' title='bbox 1819 1129 1989 1178; x_wconf 85' lang='lat' dir='ltr'>Amici</span> <span class='ocrx_word' id='word_1_160' title='bbox 2012 1130 2331 1199; x_wconf 87' lang='lat' dir='ltr'>integerrimi</span> <span class='ocrx_word' id='word_1_161' title='bbox 2357 1125 2507 1181; x_wconf 86' lang='lat' dir='ltr'>sami·</span> 
     </span>
     <span class='ocr_line' id='line_1_29' title="bbox 1479 1194 2509 1272; baseline 0.006 -24"><span class='ocrx_word' id='word_1_162' title='bbox 1479 1196 1680 1250; x_wconf 88' lang='lat' dir='ltr'>liaritati</span> <span class='ocrx_word' id='word_1_163' title='bbox 1694 1194 1864 1257; x_wconf 85' lang='lat' dir='ltr'>fidam,</span> <span class='ocrx_word' id='word_1_164' title='bbox 1877 1211 1936 1251; x_wconf 93' lang='lat' dir='ltr'>ut</span> <span class='ocrx_word' id='word_1_165' title='bbox 1947 1198 2160 1272; x_wconf 68' lang='lat' dir='ltr'>utraque</span> <span class='ocrx_word' id='word_1_166' title='bbox 2174 1198 2256 1252; x_wconf 92' lang='lat' dir='ltr'>hic</span> <span class='ocrx_word' id='word_1_167' title='bbox 2268 1196 2379 1255; x_wconf 72' lang='lat' dir='ltr'>fere</span> <span class='ocrx_word' id='word_1_168' title='bbox 2391 1198 2509 1254; x_wconf 92' lang='lat' dir='ltr'>abu·</span> 
     </span>
    </p>

    <p class='ocr_par' dir='ltr' id='par_1_8' title="bbox 1478 1266 2510 1327">
     <span class='ocr_line' id='line_1_30' title="bbox 1478 1266 2510 1327; baseline 0.006 -6"><span class='ocrx_word' id='word_1_169' title='bbox 1478 1284 1553 1322; x_wconf 85' lang='lat' dir='ltr'>tat</span> <span class='ocrx_word' id='word_1_170' title='bbox 1571 1266 1671 1322; x_wconf 88' lang='lat' dir='ltr'>Sed</span> <span class='ocrx_word' id='word_1_171' title='bbox 1684 1267 1763 1323; x_wconf 90' lang='lat' dir='ltr'>hic</span> <span class='ocrx_word' id='word_1_172' title='bbox 1777 1286 1892 1324; x_wconf 87' lang='lat' dir='ltr'>mos</span> <span class='ocrx_word' id='word_1_173' title='bbox 1905 1269 1979 1324; x_wconf 89' lang='lat' dir='ltr'>est</span> <span class='ocrx_word' id='word_1_174' title='bbox 1991 1271 2304 1327; x_wconf 89' lang='lat' dir='ltr'>curiosorum</span> <span class='ocrx_word' id='word_1_175' title='bbox 2318 1270 2510 1327; x_wconf 89' lang='lat' dir='ltr'>discen-</span> 
     </span>
    </p>

    <p class='ocr_par' dir='ltr' id='par_1_9' title="bbox 1481 1340 2511 1417">
     <span class='ocr_line' id='line_1_31' title="bbox 1481 1340 2511 1417; baseline 0.004 -22"><span class='ocrx_word' id='word_1_176' title='bbox 1481 1340 1560 1401; x_wconf 91' lang='lat' dir='ltr'>di,</span> <span class='ocrx_word' id='word_1_177' title='bbox 1577 1345 1628 1395; x_wconf 90' lang='lat'>&amp;</span> <span class='ocrx_word' id='word_1_178' title='bbox 1644 1340 1986 1397; x_wconf 89' lang='lat' dir='ltr'>studiosorum</span> <span class='ocrx_word' id='word_1_179' title='bbox 1999 1342 2206 1417; x_wconf 88' lang='lat' dir='ltr'>publica</span> <span class='ocrx_word' id='word_1_180' title='bbox 2228 1344 2511 1400; x_wconf 90' lang='lat' dir='ltr'>commoda</span> 
     </span>
    </p>
   </div>
   <div class='ocr_carea' id='block_1_7' title="bbox 1477 1413 2511 1490">
    <p class='ocr_par' dir='ltr' id='par_1_10' title="bbox 1477 1413 2511 1490">
     <span class='ocr_line' id='line_1_32' title="bbox 1477 1413 2511 1490; baseline 0.004 -22"><span class='ocrx_word' id='word_1_181' title='bbox 1477 1413 1797 1487; x_wconf 85' lang='lat' dir='ltr'>propagandi</span> <span class='ocrx_word' id='word_1_182' title='bbox 1814 1439 1826 1468; x_wconf 90' lang='lat'><strong>:</strong></span> <span class='ocrx_word' id='word_1_183' title='bbox 1842 1420 1930 1490; x_wconf 91' lang='lat' dir='ltr'>qui</span> <span class='ocrx_word' id='word_1_184' title='bbox 1945 1423 2097 1471; x_wconf 89' lang='lat' dir='ltr'>etiam</span> <span class='ocrx_word' id='word_1_185' title='bbox 2116 1435 2234 1472; x_wconf 93' lang='lat' dir='ltr'>cum</span> <span class='ocrx_word' id='word_1_186' title='bbox 2246 1417 2511 1482; x_wconf 88' lang='lat' dir='ltr'>molestus,</span> 
     </span>
    </p>
   </div>
   <div class='ocr_carea' id='block_1_8' title="bbox 384 1479 2511 1637">
    <p class='ocr_par' dir='ltr' id='par_1_11' title="bbox 384 1479 2511 1637">
     <span class='ocr_line' id='line_1_33' title="bbox 386 1479 2509 1574; baseline 0.005 -39"><span class='ocrx_word' id='word_1_187' title='bbox 386 1479 654 1537; x_wconf 89' lang='lat' dir='ltr'>bitandum</span> <span class='ocrx_word' id='word_1_188' title='bbox 668 1483 890 1548; x_wconf 87' lang='lat' dir='ltr'>videtur,</span> <span class='ocrx_word' id='word_1_189' title='bbox 909 1482 999 1540; x_wconf 92' lang='lat' dir='ltr'>etsi</span> <span class='ocrx_word' id='word_1_190' title='bbox 1015 1503 1110 1541; x_wconf 93' lang='lat' dir='ltr'>nos</span> <span class='ocrx_word' id='word_1_191' title='bbox 1124 1487 1226 1541; x_wconf 92' lang='lat' dir='ltr'>hoc</span> <span class='ocrx_word' id='word_1_192' title='bbox 1240 1486 1317 1542; x_wconf 88' lang='lat' dir='ltr'>vel</span> <span class='ocrx_word' id='word_1_193' title='bbox 1331 1486 1420 1541; x_wconf 85' lang='lat' dir='ltr'>illo</span> <span class='ocrx_word' id='word_1_194' title='bbox 1441 1495 1448 1574; x_wconf 69' lang='lat' dir='ltr'>l</span> <span class='ocrx_word' id='word_1_195' title='bbox 1476 1491 1526 1540; x_wconf 90' lang='lat'>&amp;</span> <span class='ocrx_word' id='word_1_196' title='bbox 1541 1503 1596 1541; x_wconf 91' lang='lat' dir='ltr'>ut</span> <span class='ocrx_word' id='word_1_197' title='bbox 1606 1485 1674 1541; x_wconf 94' lang='lat' dir='ltr'>sic</span> <span class='ocrx_word' id='word_1_198' title='bbox 1686 1486 2204 1562; x_wconf 89' lang='lat' dir='ltr'>dicam,importunus</span> <span class='ocrx_word' id='word_1_199' title='bbox 2215 1489 2509 1552; x_wconf 90' lang='lat' dir='ltr'>evadit‚lau-</span> 
     </span>
     <span class='ocr_line' id='line_1_34' title="bbox 384 1551 2511 1637; baseline 0.004 -29"><span class='ocrx_word' id='word_1_200' title='bbox 384 1551 509 1609; x_wconf 89' lang='lat' dir='ltr'>loco</span> <span class='ocrx_word' id='word_1_201' title='bbox 527 1556 713 1610; x_wconf 89' lang='lat' dir='ltr'>coelum</span> <span class='ocrx_word' id='word_1_202' title='bbox 730 1563 1023 1612; x_wconf 90' lang='lat' dir='ltr'>intueamur</span> <span class='ocrx_word' id='word_1_203' title='bbox 1036 1559 1270 1614; x_wconf 88' lang='lat' dir='ltr'>serenum</span> <span class='ocrx_word' id='word_1_204' title='bbox 1287 1600 1302 1623; x_wconf 92' lang='lat'>,</span> <span class='ocrx_word' id='word_1_205' title='bbox 1324 1579 1421 1615; x_wconf 92' lang='lat' dir='ltr'>nec</span> <span class='ocrx_word' id='word_1_206' title='bbox 1476 1559 1543 1614; x_wconf 92' lang='lat' dir='ltr'>de</span> <span class='ocrx_word' id='word_1_207' title='bbox 1559 1566 1699 1635; x_wconf 88' lang='lat' dir='ltr'>,quia</span> <span class='ocrx_word' id='word_1_208' title='bbox 1718 1563 1940 1616; x_wconf 87' lang='lat' dir='ltr'>utilitate</span> <span class='ocrx_word' id='word_1_209' title='bbox 1955 1604 1967 1622; x_wconf 94' lang='lat'>,</span> <span class='ocrx_word' id='word_1_210' title='bbox 1982 1581 2087 1616; x_wconf 92' lang='lat' dir='ltr'>non</span> <span class='ocrx_word' id='word_1_211' title='bbox 2105 1567 2373 1637; x_wconf 85' lang='lat' dir='ltr'>caret.Ego</span> <span class='ocrx_word' id='word_1_212' title='bbox 2384 1562 2511 1621; x_wconf 73' lang='lat' dir='ltr'>vero</span> 
     </span>
    </p>
   </div>
   <div class='ocr_carea' id='block_1_9' title="bbox 157 1627 1416 1994">
    <p class='ocr_par' dir='ltr' id='par_1_12' title="bbox 157 1627 1416 1994">
     <span class='ocr_line' id='line_1_35' title="bbox 383 1627 1413 1704; baseline 0.008 -23"><span class='ocrx_word' id='word_1_213' title='bbox 383 1627 498 1682; x_wconf 93' lang='lat' dir='ltr'>ullis</span> <span class='ocrx_word' id='word_1_214' title='bbox 529 1627 753 1685; x_wconf 90' lang='lat' dir='ltr'>nubibus</span> <span class='ocrx_word' id='word_1_215' title='bbox 778 1631 1128 1704; x_wconf 84' lang='lat' dir='ltr'>exasperatum</span> <span class='ocrx_word' id='word_1_216' title='bbox 1147 1674 1160 1693; x_wconf 92' lang='lat'>,</span> <span class='ocrx_word' id='word_1_217' title='bbox 1195 1631 1315 1687; x_wconf 90' lang='lat' dir='ltr'>alibi</span> <span class='ocrx_word' id='word_1_218' title='bbox 1341 1648 1413 1689; x_wconf 87' lang='lat' dir='ltr'>ta-</span> 
     </span>
     <span class='ocr_line' id='line_1_36' title="bbox 382 1703 1413 1778; baseline 0.004 -23"><span class='ocrx_word' id='word_1_219' title='bbox 382 1718 504 1756; x_wconf 90' lang='lat' dir='ltr'>men</span> <span class='ocrx_word' id='word_1_220' title='bbox 517 1707 567 1756; x_wconf 89' lang='lat' dir='ltr'>in</span> <span class='ocrx_word' id='word_1_221' title='bbox 606 1718 748 1757; x_wconf 88' lang='lat' dir='ltr'>entes</span> <span class='ocrx_word' id='word_1_222' title='bbox 760 1703 1022 1759; x_wconf 87' lang='lat' dir='ltr'>dominari</span> <span class='ocrx_word' id='word_1_223' title='bbox 1037 1722 1218 1761; x_wconf 89' lang='lat' dir='ltr'>ventos</span> <span class='ocrx_word' id='word_1_224' title='bbox 1232 1707 1282 1758; x_wconf 87' lang='lat'>&amp;</span> <span class='ocrx_word' id='word_1_225' title='bbox 1299 1726 1413 1778; x_wconf 90' lang='lat' dir='ltr'>pro·</span> 
     </span>
     <span class='ocr_line' id='line_1_37' title="bbox 381 1772 1416 1850; baseline 0.006 -23"><span class='ocrx_word' id='word_1_226' title='bbox 381 1772 555 1830; x_wconf 88' lang='lat' dir='ltr'>cellas:</span> <span class='ocrx_word' id='word_1_227' title='bbox 579 1792 684 1829; x_wconf 86' lang='lat' dir='ltr'>icut</span> <span class='ocrx_word' id='word_1_228' title='bbox 695 1780 746 1829; x_wconf 74' lang='grc' dir='ltr'>δε</span> <span class='ocrx_word' id='word_1_229' title='bbox 759 1776 1012 1835; x_wconf 84' lang='lat' dir='ltr'>Comicus</span> <span class='ocrx_word' id='word_1_230' title='bbox 1023 1796 1142 1831; x_wconf 91' lang='lat' dir='ltr'>cum</span> <span class='ocrx_word' id='word_1_231' title='bbox 1154 1786 1416 1850; x_wconf 77' lang='lat' dir='ltr'>experien—</span> 
     </span>
     <span class='ocr_line' id='line_1_38' title="bbox 381 1851 1415 1915; baseline 0.003 -15"><span class='ocrx_word' id='word_1_232' title='bbox 381 1851 454 1900; x_wconf 87' lang='lat' dir='ltr'>tia</span> <span class='ocrx_word' id='word_1_233' title='bbox 468 1853 540 1902; x_wconf 86' lang='lat' dir='ltr'>ait</span> <span class='ocrx_word' id='word_1_234' title='bbox 555 1871 568 1901; x_wconf 76' lang='lat' dir='ltr'>i</span> <span class='ocrx_word' id='word_1_235' title='bbox 588 1853 680 1901; x_wconf 86' lang='lat' dir='ltr'>Hic</span> <span class='ocrx_word' id='word_1_236' title='bbox 695 1854 935 1902; x_wconf 78' lang='lat' dir='ltr'>Favonius</span> <span class='ocrx_word' id='word_1_237' title='bbox 935 1855 1137 1915; x_wconf 83' lang='lat' dir='ltr'>serenus</span> <span class='ocrx_word' id='word_1_238' title='bbox 1151 1853 1309 1913; x_wconf 85' lang='lat' dir='ltr'>est,hic</span> <span class='ocrx_word' id='word_1_239' title='bbox 1321 1861 1415 1903; x_wconf 87' lang='lat' dir='ltr'>Au-</span> 
     </span>
     <span class='ocr_line' id='line_1_39' title="bbox 157 1918 1415 1994; baseline 0.002 -20"><span class='ocrx_word' id='word_1_240' title='bbox 157 1939 259 1974; x_wconf 72' lang='lat' dir='ltr'>Duus</span> <span class='ocrx_word' id='word_1_241' title='bbox 272 1941 338 1974; x_wconf 71' lang='lat' dir='ltr'>zn-</span> <span class='ocrx_word' id='word_1_242' title='bbox 365 1921 473 1982; x_wconf 87' lang='lat' dir='ltr'>ster</span> <span class='ocrx_word' id='word_1_243' title='bbox 495 1918 740 1975; x_wconf 78' lang='lat' dir='ltr'>imbricus.</span> <span class='ocrx_word' id='word_1_244' title='bbox 795 1919 952 1975; x_wconf 90' lang='lat' dir='ltr'>Unde</span> <span class='ocrx_word' id='word_1_245' title='bbox 988 1927 1141 1994; x_wconf 87' lang='lat' dir='ltr'>igitur</span> <span class='ocrx_word' id='word_1_246' title='bbox 1162 1928 1286 1978; x_wconf 89' lang='lat' dir='ltr'>certi</span> <span class='ocrx_word' id='word_1_247' title='bbox 1317 1920 1415 1976; x_wconf 82' lang='lat' dir='ltr'>effe</span> 
     </span>
    </p>
   </div>
   <div class='ocr_carea' id='block_1_10' title="bbox 132 1985 1421 2119">
    <p class='ocr_par' dir='ltr' id='par_1_13' title="bbox 132 1985 1421 2119">
     <span class='ocr_line' id='line_1_40' title="bbox 132 1985 1421 2119; baseline 0.005 -77"><span class='ocrx_word' id='word_1_248' title='bbox 132 1985 224 2076; x_wconf 51' lang='lat' dir='ltr'>‘fn-‘2</span> <span class='ocrx_word' id='word_1_249' title='bbox 233 1996 355 2075; x_wconf 51' lang='grc' dir='ltr'>ἔχ’*</span> <span class='ocrx_word' id='word_1_250' title='bbox 376 1987 656 2119; x_wconf 70' lang='lat' dir='ltr'>possumus,</span> <span class='ocrx_word' id='word_1_251' title='bbox 677 1992 967 2047; x_wconf 90' lang='lat' dir='ltr'>homullum</span> <span class='ocrx_word' id='word_1_252' title='bbox 983 1994 1124 2047; x_wconf 85' lang='lat' dir='ltr'>illum</span> <span class='ocrx_word' id='word_1_253' title='bbox 1140 1992 1292 2048; x_wconf 89' lang='lat' dir='ltr'>nobis</span> <span class='ocrx_word' id='word_1_254' title='bbox 1305 2036 1317 2055; x_wconf 93' lang='lat'><strong>‚</strong></span> <span class='ocrx_word' id='word_1_255' title='bbox 1333 1993 1421 2048; x_wconf 92' lang='lat' dir='ltr'>ad-</span> 
     </span>
    </p>
   </div>
   <div class='ocr_carea' id='block_1_11' title="bbox 130 2088 1411 2212">
    <p class='ocr_par' dir='ltr' id='par_1_14' title="bbox 130 2088 1411 2212">
     <span class='ocr_line' id='line_1_41' title="bbox 130 2088 1411 2212; baseline 0.005 -23"><span class='ocrx_word' id='word_1_256' title='bbox 130 2088 333 2197; x_wconf 41' lang='lat' dir='ltr'>fara:</span> <span class='ocrx_word' id='word_1_257' title='bbox 377 2135 738 2198; x_wconf 80' lang='lat' dir='ltr'>accedentem,</span> <span class='ocrx_word' id='word_1_258' title='bbox 761 2137 986 2193; x_wconf 90' lang='lat' dir='ltr'>indicare</span> <span class='ocrx_word' id='word_1_259' title='bbox 998 2136 1256 2212; x_wconf 83' lang='lat' dir='ltr'>procellas</span> <span class='ocrx_word' id='word_1_260' title='bbox 1281 2139 1411 2194; x_wconf 88' lang='lat' dir='ltr'>&amp;le-</span> 
     </span>
    </p>
   </div>
   <div class='ocr_carea' id='block_1_12' title="bbox 1472 1631 2510 1691">
    <p class='ocr_par' dir='ltr' id='par_1_15' title="bbox 1472 1631 2510 1691">
     <span class='ocr_line' id='line_1_42' title="bbox 1472 1631 2510 1691; baseline 0.003 -4"><span class='ocrx_word' id='word_1_261' title='bbox 1472 1649 1675 1688; x_wconf 89' lang='lat' dir='ltr'>tantum</span> <span class='ocrx_word' id='word_1_262' title='bbox 1698 1631 1835 1688; x_wconf 79' lang='lat' dir='ltr'>abest</span> <span class='ocrx_word' id='word_1_263' title='bbox 1848 1651 1904 1689; x_wconf 90' lang='lat' dir='ltr'>ut</span> <span class='ocrx_word' id='word_1_264' title='bbox 1916 1636 2060 1690; x_wconf 87' lang='lat' dir='ltr'>Tuas</span> <span class='ocrx_word' id='word_1_265' title='bbox 2070 1634 2240 1691; x_wconf 90' lang='lat' dir='ltr'>literas</span> <span class='ocrx_word' id='word_1_266' title='bbox 2250 1633 2377 1691; x_wconf 92' lang='lat' dir='ltr'>boni</span> <span class='ocrx_word' id='word_1_267' title='bbox 2389 1653 2510 1691; x_wconf 87' lang='lat' dir='ltr'>con·</span> 
     </span>
    </p>
   </div>
   <div class='ocr_carea' id='block_1_13' title="bbox 1472 1705 2513 2071">
    <p class='ocr_par' dir='ltr' id='par_1_16' title="bbox 1472 1705 2513 2071">
     <span class='ocr_line' id='line_1_43' title="bbox 1473 1705 2510 1781; baseline 0.004 -22"><span class='ocrx_word' id='word_1_268' title='bbox 1473 1705 1635 1760; x_wconf 90' lang='lat' dir='ltr'>sulere</span> <span class='ocrx_word' id='word_1_269' title='bbox 1651 1711 1700 1759; x_wconf 88' lang='lat'>&amp;</span> <span class='ocrx_word' id='word_1_270' title='bbox 1717 1705 1898 1770; x_wconf 70' lang='lat' dir='ltr'>dextre</span> <span class='ocrx_word' id='word_1_271' title='bbox 1910 1712 2230 1781; x_wconf 89' lang='lat' dir='ltr'>interpretari</span> <span class='ocrx_word' id='word_1_272' title='bbox 2243 1708 2410 1764; x_wconf 92' lang='lat' dir='ltr'>nolim</span> <span class='ocrx_word' id='word_1_273' title='bbox 2422 1751 2436 1772; x_wconf 94' lang='lat'>,</span> <span class='ocrx_word' id='word_1_274' title='bbox 2451 1724 2510 1763; x_wconf 93' lang='lat' dir='ltr'>ut</span> 
     </span>
     <span class='ocr_line' id='line_1_44' title="bbox 1474 1780 2511 1855; baseline 0.005 -24"><span class='ocrx_word' id='word_1_275' title='bbox 1474 1785 1647 1852; x_wconf 87' lang='lat' dir='ltr'>potius</span> <span class='ocrx_word' id='word_1_276' title='bbox 1658 1783 1896 1852; x_wconf 87' lang='lat' dir='ltr'>ingentes</span> <span class='ocrx_word' id='word_1_277' title='bbox 1908 1780 2031 1834; x_wconf 90' lang='lat' dir='ltr'>Tibi</span> <span class='ocrx_word' id='word_1_278' title='bbox 2044 1781 2109 1835; x_wconf 90' lang='lat' dir='ltr'>de</span> <span class='ocrx_word' id='word_1_279' title='bbox 2121 1786 2184 1836; x_wconf 90' lang='lat' dir='ltr'>iis</span> <span class='ocrx_word' id='word_1_280' title='bbox 2198 1799 2344 1855; x_wconf 89' lang='lat' dir='ltr'>agam</span> <span class='ocrx_word' id='word_1_281' title='bbox 2355 1782 2511 1836; x_wconf 91' lang='lat' dir='ltr'>habe-</span> 
     </span>
     <span class='ocr_line' id='line_1_45' title="bbox 1475 1850 2513 1929; baseline 0.006 -25"><span class='ocrx_word' id='word_1_282' title='bbox 1475 1869 1554 1904; x_wconf 91' lang='lat' dir='ltr'>am</span> <span class='ocrx_word' id='word_1_283' title='bbox 1595 1869 1662 1906; x_wconf 92' lang='lat' dir='ltr'>ue</span> <span class='ocrx_word' id='word_1_284' title='bbox 1674 1850 2126 1927; x_wconf 88' lang='lat' dir='ltr'>gratias,simulque</span> <span class='ocrx_word' id='word_1_285' title='bbox 2136 1854 2221 1908; x_wconf 88' lang='lat' dir='ltr'>Te</span> <span class='ocrx_word' id='word_1_286' title='bbox 2233 1872 2409 1929; x_wconf 88' lang='lat' dir='ltr'>rogare</span> <span class='ocrx_word' id='word_1_287' title='bbox 2427 1873 2513 1910; x_wconf 90' lang='lat' dir='ltr'>ne·</span> 
     </span>
     <span class='ocr_line' id='line_1_46' title="bbox 1474 1871 2512 2000; baseline 0.006 -24"><span class='ocrx_word' id='word_1_288' title='bbox 1474 1871 1604 1977; x_wconf 52' lang='grc' dir='ltr'>εεῆῖ</span> <span class='ocrx_word' id='word_1_289' title='bbox 1618 1924 1834 1978; x_wconf 90' lang='lat' dir='ltr'>habeam</span> <span class='ocrx_word' id='word_1_290' title='bbox 1844 1965 1858 1986; x_wconf 92' lang='lat'>,</span> <span class='ocrx_word' id='word_1_291' title='bbox 1918 1944 1987 1978; x_wconf 91' lang='lat' dir='ltr'>uo</span> <span class='ocrx_word' id='word_1_292' title='bbox 2001 1924 2097 1979; x_wconf 84' lang='lat' dir='ltr'>hac</span> <span class='ocrx_word' id='word_1_293' title='bbox 2110 1932 2350 2000; x_wconf 86' lang='lat' dir='ltr'>aequitate</span> <span class='ocrx_word' id='word_1_294' title='bbox 2362 1931 2413 1980; x_wconf 75' lang='grc' dir='ltr'>δε</span> <span class='ocrx_word' id='word_1_295' title='bbox 2426 1927 2512 1981; x_wconf 89' lang='lat' dir='ltr'>be-</span> 
     </span>
     <span class='ocr_line' id='line_1_47' title="bbox 1472 1945 2510 2071; baseline 0.006 -24"><span class='ocrx_word' id='word_1_296' title='bbox 1472 1995 1770 2051; x_wconf 90' lang='lat' dir='ltr'>nevolentia</span> <span class='ocrx_word' id='word_1_297' title='bbox 1801 1945 2061 2050; x_wconf 50' lang='lat' dir='ltr'>ver‘bosam</span> <span class='ocrx_word' id='word_1_298' title='bbox 2087 1996 2283 2053; x_wconf 89' lang='lat' dir='ltr'>hancce</span> <span class='ocrx_word' id='word_1_299' title='bbox 2319 1998 2510 2071; x_wconf 90' lang='lat' dir='ltr'>episto-</span> 
     </span>
    </p>
   </div>
   <div class='ocr_carea' id='block_1_14' title="bbox 395 2062 2510 2146">
    <p class='ocr_par' dir='ltr' id='par_1_17' title="bbox 395 2062 2510 2146">
     <span class='ocr_line' id='line_1_48' title="bbox 395 2062 2510 2146; baseline 0.003 -27"><span class='ocrx_word' id='word_1_300' title='bbox 395 2065 709 2138; x_wconf 86' lang='lat' dir='ltr'>picienribus</span> <span class='ocrx_word' id='word_1_301' title='bbox 730 2063 882 2119; x_wconf 90' lang='lat' dir='ltr'>situm</span> <span class='ocrx_word' id='word_1_302' title='bbox 904 2071 1016 2136; x_wconf 90' lang='lat' dir='ltr'>ejus</span> <span class='ocrx_word' id='word_1_303' title='bbox 1035 2107 1048 2126; x_wconf 94' lang='lat'>‚</span> <span class='ocrx_word' id='word_1_304' title='bbox 1087 2062 1422 2122; x_wconf 89' lang='lat' dir='ltr'>inferioribus</span> <span class='ocrx_word' id='word_1_305' title='bbox 1469 2065 1573 2122; x_wconf 89' lang='lat' dir='ltr'>lam</span> <span class='ocrx_word' id='word_1_306' title='bbox 1590 2069 2510 2146; x_wconf 70' lang='lat' dir='ltr'>excipias.Valelongum&amp;prosperc,</span> 
     </span>
    </p>
   </div>
   <div class='ocr_carea' id='block_1_15' title="bbox 1470 2140 2510 2220">
    <p class='ocr_par' dir='ltr' id='par_1_18' title="bbox 1470 2140 2510 2220">
     <span class='ocr_line' id='line_1_49' title="bbox 1470 2140 2510 2220; baseline 0.006 -27"><span class='ocrx_word' id='word_1_307' title='bbox 1470 2143 1561 2196; x_wconf 88' lang='lat' dir='ltr'>Vir</span> <span class='ocrx_word' id='word_1_308' title='bbox 1576 2140 1843 2197; x_wconf 86' lang='lat' dir='ltr'>Nestoreis</span> <span class='ocrx_word' id='word_1_309' title='bbox 1863 2147 2010 2198; x_wconf 87' lang='lat' dir='ltr'>annis</span> <span class='ocrx_word' id='word_1_310' title='bbox 2021 2142 2328 2220; x_wconf 85' lang='lat' dir='ltr'>digniffime,</span> <span class='ocrx_word' id='word_1_311' title='bbox 2343 2164 2402 2201; x_wconf 89' lang='lat' dir='ltr'>ac</span> <span class='ocrx_word' id='word_1_312' title='bbox 2412 2150 2510 2200; x_wconf 90' lang='lat' dir='ltr'>mi·</span> 
     </span>
    </p>
   </div>
   <div class='ocr_carea' id='block_1_16' title="bbox 127 2190 1839 2289">
    <p class='ocr_par' dir='ltr' id='par_1_19' title="bbox 127 2190 1839 2289">
     <span class='ocr_line' id='line_1_50' title="bbox 127 2190 1517 2241; baseline 0.001 -16"><span class='ocrx_word' id='word_1_313' title='bbox 127 2190 350 2241; x_wconf 60' lang='lat' dir='ltr'>‘inmundu-</span> <span class='ocrx_word' id='word_1_314' title='bbox 410 2214 421 2224; x_wconf 90' lang='lat'><strong><em>.</em></strong></span> <span class='ocrx_word' id='word_1_315' title='bbox 618 2218 644 2228; x_wconf 84' lang='lat'>..</span> <span class='ocrx_word' id='word_1_316' title='bbox 886 2217 897 2226; x_wconf 87' lang='lat'><em>.</em></span> <span class='ocrx_word' id='word_1_317' title='bbox 1507 2217 1517 2226; x_wconf 91' lang='lat'><strong><em>.</em></strong></span> 
     </span>
     <span class='ocr_line' id='line_1_51' title="bbox 132 2210 1839 2289; baseline 0.001 -23"><span class='ocrx_word' id='word_1_318' title='bbox 132 2253 210 2279; x_wconf 76' lang='lat' dir='ltr'>em</span> <span class='ocrx_word' id='word_1_319' title='bbox 260 2239 346 2278; x_wconf 59' lang='lat' dir='ltr'>mg-</span> <span class='ocrx_word' id='word_1_320' title='bbox 373 2228 572 2267; x_wconf 88' lang='lat' dir='ltr'>viorem</span> <span class='ocrx_word' id='word_1_321' title='bbox 586 2229 784 2271; x_wconf 88' lang='lat' dir='ltr'>aerem,</span> <span class='ocrx_word' id='word_1_322' title='bbox 809 2228 1119 2286; x_wconf 84' lang='lat' dir='ltr'>quitantum</span> <span class='ocrx_word' id='word_1_323' title='bbox 1133 2211 1261 2268; x_wconf 91' lang='lat' dir='ltr'>sudo</span> <span class='ocrx_word' id='word_1_324' title='bbox 1289 2231 1413 2289; x_wconf 85' lang='lat' dir='ltr'>gau·</span> <span class='ocrx_word' id='word_1_325' title='bbox 1464 2210 1519 2267; x_wconf 91' lang='lat' dir='ltr'>hi</span> <span class='ocrx_word' id='word_1_326' title='bbox 1532 2229 1691 2289; x_wconf 90' lang='lat' dir='ltr'>porro</span> <span class='ocrx_word' id='word_1_327' title='bbox 1705 2212 1839 2274; x_wconf 88' lang='lat' dir='ltr'>fave.</span> 
     </span>
    </p>
   </div>
   <div class='ocr_carea' id='block_1_17' title="bbox 133 2281 1440 2360">
    <p class='ocr_par' dir='ltr' id='par_1_20' title="bbox 133 2281 1440 2360">
     <span class='ocr_line' id='line_1_52' title="bbox 133 2281 1440 2360; baseline 0.015 -37"><span class='ocrx_word' id='word_1_328' title='bbox 133 2290 185 2329; x_wconf 77' lang='grc' dir='ltr'>ι..</span> <span class='ocrx_word' id='word_1_329' title='bbox 248 2289 353 2327; x_wconf 65' lang='lat' dir='ltr'>uvio—</span> <span class='ocrx_word' id='word_1_330' title='bbox 379 2281 592 2347; x_wconf 90' lang='lat' dir='ltr'>demus,</span> <span class='ocrx_word' id='word_1_331' title='bbox 628 2289 680 2339; x_wconf 89' lang='lat'>&amp;</span> <span class='ocrx_word' id='word_1_332' title='bbox 705 2292 990 2360; x_wconf 88' lang='lat' dir='ltr'>graviorem</span> <span class='ocrx_word' id='word_1_333' title='bbox 1017 2292 1188 2341; x_wconf 66' lang='lat' dir='ltr'>aerem</span> <span class='ocrx_word' id='word_1_334' title='bbox 1199 2292 1329 2343; x_wconf 89' lang='lat' dir='ltr'>intra</span> <span class='ocrx_word' id='word_1_335' title='bbox 1348 2288 1440 2351; x_wconf 48' lang='lat' dir='ltr'>Ca</span> 
     </span>
    </p>
   </div>
   <div class='ocr_carea' id='block_1_18' title="bbox 128 2347 349 2381">
    <p class='ocr_par' dir='ltr' id='par_1_21' title="bbox 128 2347 349 2381">
     <span class='ocr_line' id='line_1_53' title="bbox 128 2347 349 2381; baseline -0.014 0"><span class='ocrx_word' id='word_1_336' title='bbox 128 2353 203 2381; x_wconf 73' lang='lat' dir='ltr'>rm</span> <span class='ocrx_word' id='word_1_337' title='bbox 215 2347 349 2381; x_wconf 64' lang='lat' dir='ltr'>mem?</span> 
     </span>
    </p>
   </div>
   <div class='ocr_carea' id='block_1_19' title="bbox 1887 2289 2505 2348">
    <p class='ocr_par' dir='ltr' id='par_1_22' title="bbox 1887 2289 2505 2348">
     <span class='ocr_line' id='line_1_54' title="bbox 1887 2289 2505 2348; baseline 0.002 -4"><span class='ocrx_word' id='word_1_338' title='bbox 1887 2289 2505 2348; x_wconf 72' lang='lat' dir='ltr'>Lusslssmssrziti.</span> 
     </span>
    </p>
   </div>
   <div class='ocr_carea' id='block_1_20' title="bbox 549 2411 2337 2509">
    <p class='ocr_par' dir='ltr' id='par_1_23' title="bbox 549 2411 2337 2509">
     <span class='ocr_line' id='line_1_55' title="bbox 549 2411 2337 2509; baseline 0.002 -32"><span class='ocrx_word' id='word_1_339' title='bbox 549 2411 891 2504; x_wconf 87' lang='lat' dir='ltr'>Hamburgo</span> <span class='ocrx_word' id='word_1_340' title='bbox 911 2414 1383 2506; x_wconf 86' lang='lat' dir='ltr'>Magdeburgum</span> <span class='ocrx_word' id='word_1_341' title='bbox 1411 2415 1505 2479; x_wconf 87' lang='lat' dir='ltr'>die</span> <span class='ocrx_word' id='word_1_342' title='bbox 1539 2437 1626 2503; x_wconf 90' lang='lat'>17.</span> <span class='ocrx_word' id='word_1_343' title='bbox 1653 2418 1885 2498; x_wconf 86' lang='lat' dir='ltr'>Martii,</span> <span class='ocrx_word' id='word_1_344' title='bbox 1911 2415 2122 2509; x_wconf 90' lang='lat' dir='ltr'>Juliani</span> <span class='ocrx_word' id='word_1_345' title='bbox 2158 2418 2337 2482; x_wconf 88' lang='lat'><strong>1666.</strong></span> 
     </span>
    </p>
   </div>
   <div class='ocr_carea' id='block_1_21' title="bbox 126 2527 1424 2751">
    <p class='ocr_par' dir='ltr' id='par_1_24' title="bbox 126 2527 1424 2751">
     <span class='ocr_line' id='line_1_56' title="bbox 148 2530 1420 2604; baseline -0.015 -3"><span class='ocrx_word' id='word_1_346' title='bbox 148 2538 361 2598; x_wconf 59' lang='lat' dir='ltr'>⁸⁰·⁶·¹²&#39;.P&#39;&#39;·</span> <span class='ocrx_word' id='word_1_347' title='bbox 608 2532 890 2604; x_wconf 81' lang='lat' dir='ltr'>Uanquam</span> <span class='ocrx_word' id='word_1_348' title='bbox 939 2530 1180 2595; x_wconf 86' lang='lat' dir='ltr'>nondum</span> <span class='ocrx_word' id='word_1_349' title='bbox 1225 2530 1292 2586; x_wconf 87' lang='lat' dir='ltr'>ad</span> <span class='ocrx_word' id='word_1_350' title='bbox 1328 2547 1420 2603; x_wconf 91' lang='lat' dir='ltr'>po-</span> 
     </span>
     <span class='ocr_line' id='line_1_57' title="bbox 126 2527 1424 2725; baseline -0.008 -58"><span class='ocrx_word' id='word_1_351' title='bbox 126 2591 352 2682; x_wconf 61' lang='lat' dir='ltr'>sm,-</span> <span class='ocrx_word' id='word_1_352' title='bbox 390 2527 822 2725; x_wconf 82' lang='lat' dir='ltr'>Qstremas</span> <span class='ocrx_word' id='word_1_353' title='bbox 845 2601 955 2658; x_wconf 90' lang='lat' dir='ltr'>illas</span> <span class='ocrx_word' id='word_1_354' title='bbox 981 2604 1179 2667; x_wconf 87' lang='lat' dir='ltr'>literas,</span> <span class='ocrx_word' id='word_1_355' title='bbox 1203 2622 1332 2678; x_wconf 89' lang='lat' dir='ltr'>quas</span> <span class='ocrx_word' id='word_1_356' title='bbox 1355 2601 1424 2657; x_wconf 92' lang='lat' dir='ltr'>ad</span> 
     </span>
     <span class='ocr_line' id='line_1_58' title="bbox 609 2673 1423 2751; baseline -0.017 -8"><span class='ocrx_word' id='word_1_357' title='bbox 609 2675 693 2730; x_wconf 74' lang='lat' dir='ltr'>Te</span> <span class='ocrx_word' id='word_1_358' title='bbox 711 2673 795 2729; x_wconf 73' lang='lat' dir='ltr'>die</span> <span class='ocrx_word' id='word_1_359' title='bbox 812 2695 855 2739; x_wconf 87' lang='lat'>5-</span> <span class='ocrx_word' id='word_1_360' title='bbox 882 2675 1102 2751; x_wconf 86' lang='lat' dir='ltr'>Augusti</span> <span class='ocrx_word' id='word_1_361' title='bbox 1114 2678 1303 2743; x_wconf 88' lang='lat' dir='ltr'>Juliani</span> <span class='ocrx_word' id='word_1_362' title='bbox 1334 2694 1423 2730; x_wconf 91' lang='lat' dir='ltr'>an-</span> 
     </span>
    </p>
   </div>
   <div class='ocr_carea' id='block_1_22' title="bbox 1448 2534 2511 2596">
    <p class='ocr_par' dir='ltr' id='par_1_25' title="bbox 1448 2534 2511 2596">
     <span class='ocr_line' id='line_1_59' title="bbox 1448 2534 2511 2596; baseline 0.006 -10"><span class='ocrx_word' id='word_1_363' title='bbox 1448 2539 1451 2542; x_wconf 74' lang='grc'><em>·</em></span> <span class='ocrx_word' id='word_1_364' title='bbox 1480 2536 1663 2596; x_wconf 73' lang='lat' dir='ltr'>nicam,</span> <span class='ocrx_word' id='word_1_365' title='bbox 1676 2534 1778 2588; x_wconf 89' lang='lat' dir='ltr'>illis</span> <span class='ocrx_word' id='word_1_366' title='bbox 1791 2541 1925 2590; x_wconf 87' lang='lat' dir='ltr'>inter</span> <span class='ocrx_word' id='word_1_367' title='bbox 1935 2534 2315 2591; x_wconf 84' lang='lat' dir='ltr'>Nobiliffimum</span> <span class='ocrx_word' id='word_1_368' title='bbox 2328 2535 2511 2592; x_wconf 88' lang='lat' dir='ltr'>Filium</span> 
     </span>
    </p>
   </div>
   <div class='ocr_carea' id='block_1_23' title="bbox 1479 2603 2513 2750">
    <p class='ocr_par' dir='ltr' id='par_1_26' title="bbox 1479 2603 2513 2750">
     <span class='ocr_line' id='line_1_60' title="bbox 1479 2603 2509 2683; baseline 0.005 -26"><span class='ocrx_word' id='word_1_369' title='bbox 1479 2603 1660 2659; x_wconf 86' lang='lat' dir='ltr'>Tuum</span> <span class='ocrx_word' id='word_1_370' title='bbox 1674 2609 1724 2659; x_wconf 89' lang='lat'>&amp;</span> <span class='ocrx_word' id='word_1_371' title='bbox 1734 2623 1821 2659; x_wconf 90' lang='lat' dir='ltr'>me</span> <span class='ocrx_word' id='word_1_372' title='bbox 1837 2613 2236 2663; x_wconf 90' lang='lat' dir='ltr'>communicatis</span> <span class='ocrx_word' id='word_1_373' title='bbox 2261 2606 2509 2683; x_wconf 84' lang='lat' dir='ltr'>adjunge-</span> 
     </span>
     <span class='ocr_line' id='line_1_61' title="bbox 1479 2678 2513 2750; baseline 0.003 -18"><span class='ocrx_word' id='word_1_374' title='bbox 1479 2698 1534 2733; x_wconf 89' lang='lat' dir='ltr'>re</span> <span class='ocrx_word' id='word_1_375' title='bbox 1546 2696 1653 2733; x_wconf 90' lang='lat' dir='ltr'>non</span> <span class='ocrx_word' id='word_1_376' title='bbox 1673 2684 1949 2750; x_wconf 88' lang='lat' dir='ltr'>potuerim.</span> <span class='ocrx_word' id='word_1_377' title='bbox 1981 2679 2086 2734; x_wconf 90' lang='lat' dir='ltr'>Sed</span> <span class='ocrx_word' id='word_1_378' title='bbox 2093 2686 2203 2750; x_wconf 88' lang='lat' dir='ltr'>jam</span> <span class='ocrx_word' id='word_1_379' title='bbox 2218 2678 2412 2737; x_wconf 91' lang='lat' dir='ltr'>diutius</span> <span class='ocrx_word' id='word_1_380' title='bbox 2423 2699 2513 2735; x_wconf 84' lang='lat' dir='ltr'>ex-</span> 
     </span>
    </p>
   </div>
   <div class='ocr_carea' id='block_1_24' title="bbox 382 2747 2518 3058">
    <p class='ocr_par' dir='ltr' id='par_1_27' title="bbox 382 2747 2518 3058">
     <span class='ocr_line' id='line_1_62' title="bbox 386 2747 2515 2826; baseline 0.002 -23"><span class='ocrx_word' id='word_1_381' title='bbox 386 2767 457 2805; x_wconf 92' lang='lat' dir='ltr'>no</span> <span class='ocrx_word' id='word_1_382' title='bbox 480 2753 742 2824; x_wconf 87' lang='lat' dir='ltr'>praeterito</span> <span class='ocrx_word' id='word_1_383' title='bbox 773 2747 1016 2803; x_wconf 89' lang='lat' dir='ltr'>dederam</span> <span class='ocrx_word' id='word_1_384' title='bbox 1035 2789 1048 2809; x_wconf 87' lang='lat'>,</span> <span class='ocrx_word' id='word_1_385' title='bbox 1079 2749 1450 2823; x_wconf 52' lang='lat' dir='ltr'>responderis(</span> <span class='ocrx_word' id='word_1_386' title='bbox 1475 2750 1699 2823; x_wconf 68' lang='lat' dir='ltr'>spe&amp;are</span> <span class='ocrx_word' id='word_1_387' title='bbox 1711 2770 1821 2806; x_wconf 90' lang='lat' dir='ltr'>non</span> <span class='ocrx_word' id='word_1_388' title='bbox 1849 2749 2068 2826; x_wconf 85' lang='lat' dir='ltr'>possum.</span> <span class='ocrx_word' id='word_1_389' title='bbox 2109 2752 2246 2808; x_wconf 87' lang='lat' dir='ltr'>Nam</span> <span class='ocrx_word' id='word_1_390' title='bbox 2284 2751 2371 2808; x_wconf 91' lang='lat' dir='ltr'>illa</span> <span class='ocrx_word' id='word_1_391' title='bbox 2396 2755 2515 2808; x_wconf 89' lang='lat' dir='ltr'>Tua</span> 
     </span>
     <span class='ocr_line' id='line_1_63' title="bbox 384 2820 2516 2903; baseline 0.001 -24"><span class='ocrx_word' id='word_1_392' title='bbox 384 2840 556 2879; x_wconf 91' lang='lat' dir='ltr'>tamen</span> <span class='ocrx_word' id='word_1_393' title='bbox 589 2840 728 2876; x_wconf 88' lang='lat' dir='ltr'>nunc</span> <span class='ocrx_word' id='word_1_394' title='bbox 763 2838 973 2895; x_wconf 90' lang='lat' dir='ltr'>quoque</span> <span class='ocrx_word' id='word_1_395' title='bbox 1013 2823 1248 2880; x_wconf 89' lang='lat' dir='ltr'>brevibus</span> <span class='ocrx_word' id='word_1_396' title='bbox 1285 2820 1449 2903; x_wconf 60' lang='lat' dir='ltr'>hisce)</span> <span class='ocrx_word' id='word_1_397' title='bbox 1477 2842 1698 2899; x_wconf 86' lang='lat' dir='ltr'>meaque</span> <span class='ocrx_word' id='word_1_398' title='bbox 1735 2823 1882 2879; x_wconf 85' lang='lat' dir='ltr'>ssmul</span> <span class='ocrx_word' id='word_1_399' title='bbox 1922 2830 2055 2880; x_wconf 86' lang='lat' dir='ltr'>intra</span> <span class='ocrx_word' id='word_1_400' title='bbox 2093 2824 2331 2880; x_wconf 90' lang='lat' dir='ltr'>mensem</span> <span class='ocrx_word' id='word_1_401' title='bbox 2370 2842 2516 2881; x_wconf 91' lang='lat' dir='ltr'>certo</span> 
     </span>
     <span class='ocr_line' id='line_1_64' title="bbox 382 2893 2514 2972; baseline 0.002 -22"><span class='ocrx_word' id='word_1_402' title='bbox 382 2893 782 2968; x_wconf 85' lang='lat' dir='ltr'>compellateTe</span> <span class='ocrx_word' id='word_1_403' title='bbox 795 2893 1418 2950; x_wconf 88' lang='lat' dir='ltr'>volui.NullamTibimo·</span> <span class='ocrx_word' id='word_1_404' title='bbox 1442 2909 1447 2970; x_wconf 59' lang='lat' dir='ltr'>g</span> <span class='ocrx_word' id='word_1_405' title='bbox 1473 2895 1808 2967; x_wconf 87' lang='lat' dir='ltr'>subjicientur</span> <span class='ocrx_word' id='word_1_406' title='bbox 1839 2897 2021 2972; x_wconf 83' lang='lat' dir='ltr'>praelo‚</span> <span class='ocrx_word' id='word_1_407' title='bbox 2046 2897 2083 2952; x_wconf 86' lang='lat' dir='ltr'>fi</span> <span class='ocrx_word' id='word_1_408' title='bbox 2109 2901 2256 2954; x_wconf 88' lang='lat' dir='ltr'>Deus</span> <span class='ocrx_word' id='word_1_409' title='bbox 2273 2898 2514 2955; x_wconf 91' lang='lat' dir='ltr'>voluerit.</span> 
     </span>
     <span class='ocr_line' id='line_1_65' title="bbox 384 2965 2518 3058; baseline 0.001 -33"><span class='ocrx_word' id='word_1_410' title='bbox 384 2967 583 3025; x_wconf 90' lang='lat' dir='ltr'>lestiam</span> <span class='ocrx_word' id='word_1_411' title='bbox 614 2985 783 3023; x_wconf 82' lang='lat' dir='ltr'>creare</span> <span class='ocrx_word' id='word_1_412' title='bbox 810 2965 955 3030; x_wconf 88' lang='lat' dir='ltr'>volo,</span> <span class='ocrx_word' id='word_1_413' title='bbox 977 2988 1075 3023; x_wconf 93' lang='lat' dir='ltr'>nec</span> <span class='ocrx_word' id='word_1_414' title='bbox 1089 2988 1318 3044; x_wconf 90' lang='lat' dir='ltr'>unquam</span> <span class='ocrx_word' id='word_1_415' title='bbox 1330 2985 1420 3024; x_wconf 87' lang='lat' dir='ltr'>vo·</span> <span class='ocrx_word' id='word_1_416' title='bbox 1442 2974 1447 3058; x_wconf 59' lang='lat' dir='ltr'>J</span> <span class='ocrx_word' id='word_1_417' title='bbox 1474 2966 1646 3025; x_wconf 85' lang='lat' dir='ltr'>Poffet</span> <span class='ocrx_word' id='word_1_418' title='bbox 1676 2969 1887 3045; x_wconf 90' lang='lat' dir='ltr'>quidem</span> <span class='ocrx_word' id='word_1_419' title='bbox 1931 2971 2223 3046; x_wconf 87' lang='lat' dir='ltr'>responsum</span> <span class='ocrx_word' id='word_1_420' title='bbox 2246 2971 2424 3026; x_wconf 88' lang='lat' dir='ltr'>Tuum</span> <span class='ocrx_word' id='word_1_421' title='bbox 2449 2970 2518 3028; x_wconf 89' lang='lat' dir='ltr'>ad</span> 
     </span>
    </p>
   </div>
   <div class='ocr_carea' id='block_1_25' title="bbox 164 3042 1423 3626">
    <p class='ocr_par' dir='ltr' id='par_1_28' title="bbox 164 3042 1423 3626">
     <span class='ocr_line' id='line_1_66' title="bbox 375 3042 1419 3117; baseline 0 -21"><span class='ocrx_word' id='word_1_422' title='bbox 375 3042 451 3098; x_wconf 89' lang='lat' dir='ltr'>lui</span> <span class='ocrx_word' id='word_1_423' title='bbox 472 3085 485 3105; x_wconf 94' lang='lat'>,</span> <span class='ocrx_word' id='word_1_424' title='bbox 524 3060 644 3096; x_wconf 88' lang='lat' dir='ltr'>cum</span> <span class='ocrx_word' id='word_1_425' title='bbox 669 3045 720 3095; x_wconf 88' lang='lat'>&amp;</span> <span class='ocrx_word' id='word_1_426' title='bbox 750 3046 1009 3115; x_wconf 87' lang='lat' dir='ltr'>graviores</span> <span class='ocrx_word' id='word_1_427' title='bbox 1033 3042 1175 3099; x_wconf 88' lang='lat' dir='ltr'>Tuas</span> <span class='ocrx_word' id='word_1_428' title='bbox 1198 3059 1419 3117; x_wconf 86' lang='lat' dir='ltr'>occupa-</span> 
     </span>
     <span class='ocr_line' id='line_1_67' title="bbox 383 3115 1419 3191; baseline 0.001 -22"><span class='ocrx_word' id='word_1_429' title='bbox 383 3120 558 3169; x_wconf 88' lang='lat' dir='ltr'>tiones</span> <span class='ocrx_word' id='word_1_430' title='bbox 577 3155 590 3176; x_wconf 89' lang='lat'>,</span> <span class='ocrx_word' id='word_1_431' title='bbox 615 3118 666 3168; x_wconf 91' lang='lat'>&amp;</span> <span class='ocrx_word' id='word_1_432' title='bbox 687 3133 806 3168; x_wconf 90' lang='lat' dir='ltr'>cum</span> <span class='ocrx_word' id='word_1_433' title='bbox 831 3116 1026 3170; x_wconf 88' lang='lat' dir='ltr'>morbis</span> <span class='ocrx_word' id='word_1_434' title='bbox 1049 3116 1257 3191; x_wconf 90' lang='lat' dir='ltr'>ipsaque</span> <span class='ocrx_word' id='word_1_435' title='bbox 1279 3115 1419 3171; x_wconf 88' lang='lat' dir='ltr'>sene-</span> 
     </span>
     <span class='ocr_line' id='line_1_68' title="bbox 386 3185 1420 3260; baseline 0 -18"><span class='ocrx_word' id='word_1_436' title='bbox 386 3187 554 3247; x_wconf 72' lang='grc' dir='ltr'>ἃιιῑο,</span> <span class='ocrx_word' id='word_1_437' title='bbox 591 3205 746 3260; x_wconf 86' lang='lat' dir='ltr'>quam</span> <span class='ocrx_word' id='word_1_438' title='bbox 762 3185 918 3260; x_wconf 90' lang='lat' dir='ltr'>ipsam</span> <span class='ocrx_word' id='word_1_439' title='bbox 930 3187 1169 3245; x_wconf 90' lang='lat' dir='ltr'>morbum</span> <span class='ocrx_word' id='word_1_440' title='bbox 1183 3187 1285 3246; x_wconf 85' lang='lat' dir='ltr'>esse</span> <span class='ocrx_word' id='word_1_441' title='bbox 1313 3187 1420 3243; x_wconf 90' lang='lat' dir='ltr'>vul·</span> 
     </span>
     <span class='ocr_line' id='line_1_69' title="bbox 384 3258 1421 3334; baseline 0.001 -20"><span class='ocrx_word' id='word_1_442' title='bbox 384 3279 453 3334; x_wconf 88' lang='lat' dir='ltr'>go</span> <span class='ocrx_word' id='word_1_443' title='bbox 474 3258 695 3314; x_wconf 90' lang='lat' dir='ltr'>dicimus</span> <span class='ocrx_word' id='word_1_444' title='bbox 719 3261 1100 3333; x_wconf 87' lang='lat' dir='ltr'>&amp;experimur,</span> <span class='ocrx_word' id='word_1_445' title='bbox 1121 3262 1421 3318; x_wconf 64' lang='lat' dir='ltr'>conflieian-</span> 
     </span>
     <span class='ocr_line' id='line_1_70' title="bbox 386 3329 1422 3410; baseline 0.001 -21"><span class='ocrx_word' id='word_1_446' title='bbox 386 3350 497 3390; x_wconf 89' lang='lat' dir='ltr'>tem</span> <span class='ocrx_word' id='word_1_447' title='bbox 529 3329 880 3388; x_wconf 86' lang='lat' dir='ltr'>valetudinem</span> <span class='ocrx_word' id='word_1_448' title='bbox 902 3333 1084 3388; x_wconf 71' lang='lat' dir='ltr'>norim.</span> <span class='ocrx_word' id='word_1_449' title='bbox 1127 3336 1178 3390; x_wconf 88' lang='lat' dir='ltr'>Si</span> <span class='ocrx_word' id='word_1_450' title='bbox 1199 3336 1324 3410; x_wconf 91' lang='lat' dir='ltr'>quid</span> <span class='ocrx_word' id='word_1_451' title='bbox 1348 3350 1422 3390; x_wconf 92' lang='lat' dir='ltr'>ta-</span> 
     </span>
     <span class='ocr_line' id='line_1_71' title="bbox 383 3403 1423 3478; baseline -0.001 -15"><span class='ocrx_word' id='word_1_452' title='bbox 383 3425 510 3464; x_wconf 87' lang='lat' dir='ltr'>men</span> <span class='ocrx_word' id='word_1_453' title='bbox 546 3405 649 3461; x_wconf 84' lang='lat' dir='ltr'>tale</span> <span class='ocrx_word' id='word_1_454' title='bbox 686 3404 812 3478; x_wconf 90' lang='lat' dir='ltr'>quid</span> <span class='ocrx_word' id='word_1_455' title='bbox 842 3403 872 3458; x_wconf 79' lang='lat' dir='ltr'>a</span> <span class='ocrx_word' id='word_1_456' title='bbox 895 3423 979 3460; x_wconf 89' lang='lat' dir='ltr'>me</span> <span class='ocrx_word' id='word_1_457' title='bbox 1000 3404 1193 3463; x_wconf 63' lang='lat' dir='ltr'>facium</span> <span class='ocrx_word' id='word_1_458' title='bbox 1218 3408 1293 3464; x_wconf 92' lang='lat' dir='ltr'>est</span> <span class='ocrx_word' id='word_1_459' title='bbox 1315 3451 1329 3471; x_wconf 91' lang='lat'>‚</span> <span class='ocrx_word' id='word_1_460' title='bbox 1366 3406 1423 3464; x_wconf 88' lang='lat' dir='ltr'>id</span> 
     </span>
     <span class='ocr_line' id='line_1_72' title="bbox 385 3478 1421 3545; baseline 0.001 -11"><span class='ocrx_word' id='word_1_461' title='bbox 385 3481 475 3536; x_wconf 87' lang='lat' dir='ltr'>Tu</span> <span class='ocrx_word' id='word_1_462' title='bbox 549 3497 608 3535; x_wconf 90' lang='lat' dir='ltr'>ro</span> <span class='ocrx_word' id='word_1_463' title='bbox 643 3478 965 3533; x_wconf 87' lang='lat' dir='ltr'>humanitate</span> <span class='ocrx_word' id='word_1_464' title='bbox 1001 3481 1120 3535; x_wconf 86' lang='lat' dir='ltr'>Tua</span> <span class='ocrx_word' id='word_1_465' title='bbox 1146 3523 1161 3545; x_wconf 92' lang='lat'>,</span> <span class='ocrx_word' id='word_1_466' title='bbox 1195 3479 1421 3538; x_wconf 90' lang='lat' dir='ltr'>discendi</span> 
     </span>
     <span class='ocr_line' id='line_1_73' title="bbox 164 3548 1422 3626; baseline -0.002 -17"><span class='ocrx_word' id='word_1_467' title='bbox 164 3571 262 3604; x_wconf 75' lang='lat' dir='ltr'>ow</span> <span class='ocrx_word' id='word_1_468' title='bbox 286 3568 358 3602; x_wconf 77' lang='lat' dir='ltr'>Lu-</span> <span class='ocrx_word' id='word_1_469' title='bbox 389 3551 492 3610; x_wconf 89' lang='lat' dir='ltr'>desi</span> <span class='ocrx_word' id='word_1_470' title='bbox 533 3558 645 3609; x_wconf 89' lang='lat' dir='ltr'>erio</span> <span class='ocrx_word' id='word_1_471' title='bbox 670 3568 777 3626; x_wconf 93' lang='lat' dir='ltr'>quo</span> <span class='ocrx_word' id='word_1_472' title='bbox 788 3548 986 3626; x_wconf 86' lang='lat' dir='ltr'>semper</span> <span class='ocrx_word' id='word_1_473' title='bbox 1007 3568 1219 3617; x_wconf 88' lang='lat' dir='ltr'>teneor,</span> <span class='ocrx_word' id='word_1_474' title='bbox 1241 3555 1422 3611; x_wconf 90' lang='lat' dir='ltr'>adscri-</span> 
     </span>
    </p>
   </div>
   <div class='ocr_carea' id='block_1_26' title="bbox 1442 3159 1451 3384">
    <p class='ocr_par' dir='ltr' id='par_1_29' title="bbox 1442 3159 1451 3384">
     <span class='ocr_line' id='line_1_74' title="bbox 1442 3159 1451 3384; baseline 0 1334"><span class='ocrx_word' id='word_1_475' title='bbox 1442 3159 1451 3384; x_wconf 95' lang='lat' dir='ltr'> </span> 
     </span>
    </p>
   </div>
   <div class='ocr_carea' id='block_1_27' title="bbox 1443 3392 1453 3572">
    <p class='ocr_par' dir='ltr' id='par_1_30' title="bbox 1443 3392 1453 3572">
     <span class='ocr_line' id='line_1_75' title="bbox 1443 3392 1453 3572; baseline 0 1146"><span class='ocrx_word' id='word_1_476' title='bbox 1443 3392 1453 3572; x_wconf 95' lang='lat' dir='ltr'> </span> 
     </span>
    </p>
   </div>
   <div class='ocr_carea' id='block_1_28' title="bbox 1474 3043 2516 3629">
    <p class='ocr_par' dir='ltr' id='par_1_31' title="bbox 1474 3043 2516 3629">
     <span class='ocr_line' id='line_1_76' title="bbox 1474 3043 2516 3117; baseline 0 -17"><span class='ocrx_word' id='word_1_477' title='bbox 1474 3043 1664 3100; x_wconf 89' lang='lat' dir='ltr'>calcem</span> <span class='ocrx_word' id='word_1_478' title='bbox 1678 3052 1849 3117; x_wconf 90' lang='lat' dir='ltr'>operis</span> <span class='ocrx_word' id='word_1_479' title='bbox 1863 3043 1985 3100; x_wconf 90' lang='lat' dir='ltr'>addi</span> <span class='ocrx_word' id='word_1_480' title='bbox 2007 3068 2022 3108; x_wconf 77' lang='grc' dir='ltr'><strong>ς</strong></span> <span class='ocrx_word' id='word_1_481' title='bbox 2045 3044 2135 3100; x_wconf 91' lang='lat' dir='ltr'>sed</span> <span class='ocrx_word' id='word_1_482' title='bbox 2159 3043 2363 3102; x_wconf 89' lang='lat' dir='ltr'>mallem</span> <span class='ocrx_word' id='word_1_483' title='bbox 2385 3043 2516 3100; x_wconf 84' lang='lat' dir='ltr'>illud</span> 
     </span>
     <span class='ocr_line' id='line_1_77' title="bbox 1475 3116 2515 3190; baseline 0.001 -19"><span class='ocrx_word' id='word_1_484' title='bbox 1475 3116 1598 3171; x_wconf 90' lang='lat' dir='ltr'>huic</span> <span class='ocrx_word' id='word_1_485' title='bbox 1626 3116 1854 3190; x_wconf 85' lang='lat' dir='ltr'>epistolae</span> <span class='ocrx_word' id='word_1_486' title='bbox 1879 3117 2075 3188; x_wconf 87' lang='lat' dir='ltr'>subjici.</span> <span class='ocrx_word' id='word_1_487' title='bbox 2140 3122 2515 3173; x_wconf 86' lang='lat' dir='ltr'>Verumtamen</span> 
     </span>
     <span class='ocr_line' id='line_1_78' title="bbox 1475 3188 2510 3265; baseline 0 -21"><span class='ocrx_word' id='word_1_488' title='bbox 1475 3191 1600 3245; x_wconf 89' lang='lat' dir='ltr'>dum</span> <span class='ocrx_word' id='word_1_489' title='bbox 1615 3188 1723 3244; x_wconf 87' lang='lat' dir='ltr'>haec</span> <span class='ocrx_word' id='word_1_490' title='bbox 1736 3189 1897 3245; x_wconf 90' lang='lat' dir='ltr'>scribo</span> <span class='ocrx_word' id='word_1_491' title='bbox 1911 3231 1924 3252; x_wconf 91' lang='lat'>,</span> <span class='ocrx_word' id='word_1_492' title='bbox 1947 3190 2078 3246; x_wconf 86' lang='lat' dir='ltr'>nihil</span> <span class='ocrx_word' id='word_1_493' title='bbox 2092 3189 2216 3246; x_wconf 85' lang='lat' dir='ltr'>Tibi</span> <span class='ocrx_word' id='word_1_494' title='bbox 2228 3189 2510 3265; x_wconf 62' lang='lat' dir='ltr'>praescribo,</span> 
     </span>
     <span class='ocr_line' id='line_1_79' title="bbox 1477 3261 2514 3338; baseline 0.003 -21"><span class='ocrx_word' id='word_1_495' title='bbox 1477 3266 1536 3317; x_wconf 88' lang='lat' dir='ltr'>In</span> <span class='ocrx_word' id='word_1_496' title='bbox 1550 3261 1811 3338; x_wconf 87' lang='lat' dir='ltr'>postrema</span> <span class='ocrx_word' id='word_1_497' title='bbox 1849 3263 2062 3337; x_wconf 81' lang='lat' dir='ltr'>epistola</span> <span class='ocrx_word' id='word_1_498' title='bbox 2098 3261 2326 3320; x_wconf 87' lang='lat' dir='ltr'>feceram</span> <span class='ocrx_word' id='word_1_499' title='bbox 2366 3282 2514 3320; x_wconf 89' lang='lat' dir='ltr'>men-</span> 
     </span>
     <span class='ocr_line' id='line_1_80' title="bbox 1478 3335 2512 3413; baseline 0.002 -22"><span class='ocrx_word' id='word_1_500' title='bbox 1478 3342 1681 3391; x_wconf 88' lang='lat' dir='ltr'>tionem</span> <span class='ocrx_word' id='word_1_501' title='bbox 1705 3339 1894 3410; x_wconf 87' lang='lat' dir='ltr'>privati</span> <span class='ocrx_word' id='word_1_502' title='bbox 1917 3336 2194 3412; x_wconf 90' lang='lat' dir='ltr'>colloquii,</span> <span class='ocrx_word' id='word_1_503' title='bbox 2234 3335 2383 3413; x_wconf 90' lang='lat' dir='ltr'>quod</span> <span class='ocrx_word' id='word_1_504' title='bbox 2417 3344 2512 3393; x_wconf 88' lang='lat' dir='ltr'>uni</span> 
     </span>
     <span class='ocr_line' id='line_1_81' title="bbox 1478 3414 2513 3486; baseline 0.001 -23"><span class='ocrx_word' id='word_1_505' title='bbox 1478 3414 1784 3463; x_wconf 86' lang='lat' dir='ltr'>Amicorum</span> <span class='ocrx_word' id='word_1_506' title='bbox 1811 3428 2045 3467; x_wconf 85' lang='lat' dir='ltr'>meorum</span> <span class='ocrx_word' id='word_1_507' title='bbox 2083 3430 2203 3466; x_wconf 90' lang='lat' dir='ltr'>cum</span> <span class='ocrx_word' id='word_1_508' title='bbox 2229 3415 2360 3468; x_wconf 89' lang='lat' dir='ltr'>Viro</span> <span class='ocrx_word' id='word_1_509' title='bbox 2384 3429 2513 3486; x_wconf 90' lang='lat' dir='ltr'>quo·</span> 
     </span>
     <span class='ocr_line' id='line_1_82' title="bbox 1479 3480 2513 3555; baseline -0.002 -18"><span class='ocrx_word' id='word_1_510' title='bbox 1479 3480 1599 3538; x_wconf 90' lang='lat' dir='ltr'>dam</span> <span class='ocrx_word' id='word_1_511' title='bbox 1614 3481 1918 3538; x_wconf 71' lang='lat' dir='ltr'>Dostissimo</span> <span class='ocrx_word' id='word_1_512' title='bbox 1932 3482 2288 3544; x_wconf 71' lang='lat' dir='ltr'>intercesserat,</span> <span class='ocrx_word' id='word_1_513' title='bbox 2304 3482 2374 3538; x_wconf 89' lang='lat' dir='ltr'>de</span> <span class='ocrx_word' id='word_1_514' title='bbox 2387 3487 2513 3555; x_wconf 85' lang='lat' dir='ltr'>Spa·</span> 
     </span>
     <span class='ocr_line' id='line_1_83' title="bbox 1475 3555 2512 3629; baseline 0.001 -19"><span class='ocrx_word' id='word_1_515' title='bbox 1475 3561 1549 3610; x_wconf 92' lang='lat' dir='ltr'>tio</span> <span class='ocrx_word' id='word_1_516' title='bbox 1564 3559 1758 3611; x_wconf 90' lang='lat' dir='ltr'>Vacuo.</span> <span class='ocrx_word' id='word_1_517' title='bbox 1775 3559 1852 3610; x_wconf 86' lang='lat' dir='ltr'>Ex</span> <span class='ocrx_word' id='word_1_518' title='bbox 1867 3573 1933 3610; x_wconf 90' lang='lat' dir='ltr'>eo</span> <span class='ocrx_word' id='word_1_519' title='bbox 1946 3574 2190 3629; x_wconf 90' lang='lat' dir='ltr'>tempore</span> <span class='ocrx_word' id='word_1_520' title='bbox 2203 3556 2278 3610; x_wconf 92' lang='lat' dir='ltr'>nil</span> <span class='ocrx_word' id='word_1_521' title='bbox 2289 3555 2512 3628; x_wconf 88' lang='lat' dir='ltr'>amplius</span> 
     </span>
    </p>
   </div>
   <div class='ocr_carea' id='block_1_29' title="bbox 135 3616 2510 3703">
    <p class='ocr_par' dir='ltr' id='par_1_32' title="bbox 135 3616 2510 3703">
     <span class='ocr_line' id='line_1_84' title="bbox 135 3616 2510 3703; baseline 0.001 -24"><span class='ocrx_word' id='word_1_522' title='bbox 135 3616 318 3655; x_wconf 48' lang='lat' dir='ltr'>“wa“</span> <span class='ocrx_word' id='word_1_523' title='bbox 392 3627 498 3683; x_wconf 80' lang='lat' dir='ltr'>bes,</span> <span class='ocrx_word' id='word_1_524' title='bbox 548 3624 694 3681; x_wconf 87' lang='lat' dir='ltr'>Nihil</span> <span class='ocrx_word' id='word_1_525' title='bbox 733 3622 875 3679; x_wconf 87' lang='lat' dir='ltr'>aliud</span> <span class='ocrx_word' id='word_1_526' title='bbox 899 3631 950 3679; x_wconf 91' lang='lat' dir='ltr'>in</span> <span class='ocrx_word' id='word_1_527' title='bbox 987 3626 1250 3700; x_wconf 86' lang='lat' dir='ltr'>praesentia</span> <span class='ocrx_word' id='word_1_528' title='bbox 1276 3629 1305 3683; x_wconf 75' lang='lat' dir='ltr'>a</span> <span class='ocrx_word' id='word_1_529' title='bbox 1337 3629 1421 3682; x_wconf 87' lang='lat' dir='ltr'>Te</span> <span class='ocrx_word' id='word_1_530' title='bbox 1476 3627 1659 3685; x_wconf 91' lang='lat' dir='ltr'>dehoc</span> <span class='ocrx_word' id='word_1_531' title='bbox 1687 3644 1997 3703; x_wconf 89' lang='lat' dir='ltr'>argumento</span> <span class='ocrx_word' id='word_1_532' title='bbox 2022 3630 2086 3683; x_wconf 89' lang='lat' dir='ltr'>ab</span> <span class='ocrx_word' id='word_1_533' title='bbox 2110 3628 2198 3683; x_wconf 91' lang='lat' dir='ltr'>illo</span> <span class='ocrx_word' id='word_1_534' title='bbox 2212 3634 2402 3684; x_wconf 80' lang='lat' dir='ltr'>Amico</span> <span class='ocrx_word' id='word_1_535' title='bbox 2424 3646 2510 3684; x_wconf 91' lang='lat' dir='ltr'>ac-</span> 
     </span>
    </p>
   </div>
   <div class='ocr_carea' id='block_1_30' title="bbox 132 3678 295 3716">
    <p class='ocr_par' dir='ltr' id='par_1_33' title="bbox 132 3678 295 3716">
     <span class='ocr_line' id='line_1_85' title="bbox 132 3678 295 3716; baseline 0 -12"><span class='ocrx_word' id='word_1_536' title='bbox 132 3678 232 3716; x_wconf 70' lang='lat' dir='ltr'>mgee</span> <span class='ocrx_word' id='word_1_537' title='bbox 241 3679 295 3704; x_wconf 80' lang='lat' dir='ltr'>re·</span> 
     </span>
    </p>
   </div>
   <div class='ocr_carea' id='block_1_31' title="bbox 128 3699 1422 3992">
    <p class='ocr_par' dir='ltr' id='par_1_34' title="bbox 128 3699 1422 3992">
     <span class='ocr_line' id='line_1_86' title="bbox 128 3699 1422 3776; baseline 0.001 -19"><span class='ocrx_word' id='word_1_538' title='bbox 128 3716 339 3769; x_wconf 65' lang='lat' dir='ltr'>sponfionem.</span> <span class='ocrx_word' id='word_1_539' title='bbox 390 3699 600 3773; x_wconf 86' lang='lat' dir='ltr'>postulo</span> <span class='ocrx_word' id='word_1_540' title='bbox 617 3704 668 3753; x_wconf 90' lang='lat'>&amp;</span> <span class='ocrx_word' id='word_1_541' title='bbox 691 3712 818 3774; x_wconf 88' lang='lat' dir='ltr'>peto</span> <span class='ocrx_word' id='word_1_542' title='bbox 833 3738 848 3759; x_wconf 89' lang='lat'>‚</span> <span class='ocrx_word' id='word_1_543' title='bbox 882 3709 1034 3772; x_wconf 87' lang='lat' dir='ltr'>quam</span> <span class='ocrx_word' id='word_1_544' title='bbox 1050 3715 1109 3755; x_wconf 92' lang='lat' dir='ltr'>ut</span> <span class='ocrx_word' id='word_1_545' title='bbox 1131 3702 1322 3776; x_wconf 89' lang='lat' dir='ltr'>aliquid</span> <span class='ocrx_word' id='word_1_546' title='bbox 1345 3722 1422 3758; x_wconf 88' lang='lat' dir='ltr'>re-</span> 
     </span>
     <span class='ocr_line' id='line_1_87' title="bbox 387 3771 1421 3901; baseline 0.002 -72"><span class='ocrx_word' id='word_1_547' title='bbox 387 3771 578 3848; x_wconf 78' lang='lat' dir='ltr'>sponsi,</span> <span class='ocrx_word' id='word_1_548' title='bbox 603 3771 641 3828; x_wconf 94' lang='lat' dir='ltr'>si</span> <span class='ocrx_word' id='word_1_549' title='bbox 650 3791 743 3847; x_wconf 90' lang='lat' dir='ltr'>per</span> <span class='ocrx_word' id='word_1_550' title='bbox 749 3776 997 3901; x_wconf 56' lang='lat' dir='ltr'>fgraviora</span> <span class='ocrx_word' id='word_1_551' title='bbox 1008 3781 1250 3848; x_wconf 88' lang='lat' dir='ltr'>negotia,</span> <span class='ocrx_word' id='word_1_552' title='bbox 1279 3794 1421 3831; x_wconf 90' lang='lat' dir='ltr'>cum-</span> 
     </span>
     <span class='ocr_line' id='line_1_88' title="bbox 382 3844 1419 3922; baseline 0.001 -21"><span class='ocrx_word' id='word_1_553' title='bbox 382 3850 563 3922; x_wconf 89' lang='lat' dir='ltr'>primis</span> <span class='ocrx_word' id='word_1_554' title='bbox 590 3865 679 3920; x_wconf 87' lang='lat' dir='ltr'>per</span> <span class='ocrx_word' id='word_1_555' title='bbox 714 3865 743 3901; x_wconf 90' lang='lat' dir='ltr'>a</span> <span class='ocrx_word' id='word_1_556' title='bbox 788 3844 950 3902; x_wconf 72' lang='lat' dir='ltr'>estam</span> <span class='ocrx_word' id='word_1_557' title='bbox 990 3845 1341 3904; x_wconf 89' lang='lat' dir='ltr'>valetudinem</span> <span class='ocrx_word' id='word_1_558' title='bbox 1369 3852 1419 3902; x_wconf 91' lang='lat'>&amp;</span> 
     </span>
     <span class='ocr_line' id='line_1_89' title="bbox 389 3919 1418 3992; baseline 0.005 -19"><span class='ocrx_word' id='word_1_559' title='bbox 389 3935 593 3992; x_wconf 88' lang='lat' dir='ltr'>gravem</span> <span class='ocrx_word' id='word_1_560' title='bbox 638 3936 843 3976; x_wconf 85' lang='lat' dir='ltr'>aetatem</span> <span class='ocrx_word' id='word_1_561' title='bbox 880 3919 1037 3981; x_wconf 89' lang='lat' dir='ltr'>licet,</span> <span class='ocrx_word' id='word_1_562' title='bbox 1081 3919 1172 3975; x_wconf 90' lang='lat' dir='ltr'>des</span> <span class='ocrx_word' id='word_1_563' title='bbox 1207 3919 1271 3976; x_wconf 89' lang='lat' dir='ltr'>ad</span> <span class='ocrx_word' id='word_1_564' title='bbox 1307 3920 1418 3978; x_wconf 91' lang='lat' dir='ltr'>illas</span> 
     </span>
    </p>
   </div>
   <div class='ocr_carea' id='block_1_32' title="bbox 1471 3701 2751 3937">
    <p class='ocr_par' dir='ltr' id='par_1_35' title="bbox 1471 3701 2751 3937">
     <span class='ocr_line' id='line_1_90' title="bbox 1474 3701 2692 3783; baseline -0.002 -25"><span class='ocrx_word' id='word_1_565' title='bbox 1474 3707 1607 3776; x_wconf 89' lang='lat' dir='ltr'>cepi.</span> <span class='ocrx_word' id='word_1_566' title='bbox 1647 3702 1830 3758; x_wconf 88' lang='lat' dir='ltr'>Socius</span> <span class='ocrx_word' id='word_1_567' title='bbox 1840 3719 2014 3758; x_wconf 87' lang='lat' dir='ltr'>tamen</span> <span class='ocrx_word' id='word_1_568' title='bbox 2028 3709 2139 3774; x_wconf 90' lang='lat' dir='ltr'>ejus</span> <span class='ocrx_word' id='word_1_569' title='bbox 2151 3701 2304 3772; x_wconf 88' lang='lat' dir='ltr'>hujus</span> <span class='ocrx_word' id='word_1_570' title='bbox 2315 3706 2509 3757; x_wconf 83' lang='lat' dir='ltr'>reime-</span> <span class='ocrx_word' id='word_1_571' title='bbox 2559 3732 2692 3783; x_wconf 43' lang='grc' dir='ltr'>Μή,</span> 
     </span>
     <span class='ocr_line' id='line_1_91' title="bbox 1472 3773 2736 3851; baseline -0.002 -20"><span class='ocrx_word' id='word_1_572' title='bbox 1472 3783 1709 3831; x_wconf 89' lang='lat' dir='ltr'>minerat.</span> <span class='ocrx_word' id='word_1_573' title='bbox 1749 3779 1815 3830; x_wconf 91' lang='lat' dir='ltr'>Et</span> <span class='ocrx_word' id='word_1_574' title='bbox 1835 3776 1917 3831; x_wconf 91' lang='lat' dir='ltr'>his</span> <span class='ocrx_word' id='word_1_575' title='bbox 1945 3778 2157 3851; x_wconf 90' lang='lat' dir='ltr'>quidem</span> <span class='ocrx_word' id='word_1_576' title='bbox 2182 3773 2349 3831; x_wconf 89' lang='lat' dir='ltr'>verbis</span> <span class='ocrx_word' id='word_1_577' title='bbox 2376 3799 2390 3829; x_wconf 75' lang='lat' dir='ltr'><em>z</em></span> <span class='ocrx_word' id='word_1_578' title='bbox 2414 3779 2509 3831; x_wconf 89' lang='lat' dir='ltr'>Vir</span> <span class='ocrx_word' id='word_1_579' title='bbox 2531 3783 2736 3843; x_wconf 57' lang='lat' dir='ltr'>quarm</span> 
     </span>
     <span class='ocr_line' id='line_1_92' title="bbox 1471 3839 2751 3937; baseline -0.005 -33"><span class='ocrx_word' id='word_1_580' title='bbox 1471 3850 1554 3905; x_wconf 90' lang='lat' dir='ltr'>ille</span> <span class='ocrx_word' id='word_1_581' title='bbox 1580 3848 1913 3905; x_wconf 72' lang='lat' dir='ltr'>Dofflffimus</span> <span class='ocrx_word' id='word_1_582' title='bbox 1938 3848 2101 3906; x_wconf 89' lang='lat' dir='ltr'>voluit</span> <span class='ocrx_word' id='word_1_583' title='bbox 2124 3847 2277 3904; x_wconf 88' lang='lat' dir='ltr'>nobis</span> <span class='ocrx_word' id='word_1_584' title='bbox 2309 3846 2508 3921; x_wconf 88' lang='lat' dir='ltr'>persua.</span> <span class='ocrx_word' id='word_1_585' title='bbox 2525 3839 2751 3937; x_wconf 48' lang='grc' dir='ltr'>ᾖξὲηᾞ</span> 
     </span>
    </p>
   </div>
   <div class='ocr_carea' id='block_1_33' title="bbox 1472 3912 2503 3998">
    <p class='ocr_par' dir='ltr' id='par_1_36' title="bbox 1472 3912 2503 3998">
     <span class='ocr_line' id='line_1_93' title="bbox 1472 3912 2503 3998; baseline -0.001 -20"><span class='ocrx_word' id='word_1_586' title='bbox 1472 3924 1593 3978; x_wconf 90' lang='lat' dir='ltr'>dere</span> <span class='ocrx_word' id='word_1_587' title='bbox 1630 3963 1643 3983; x_wconf 93' lang='lat'>,</span> <span class='ocrx_word' id='word_1_588' title='bbox 1696 3922 1862 3996; x_wconf 88' lang='lat' dir='ltr'>ipsum</span> <span class='ocrx_word' id='word_1_589' title='bbox 1897 3941 2110 3998; x_wconf 90' lang='lat' dir='ltr'>quoque</span> <span class='ocrx_word' id='word_1_590' title='bbox 2146 3922 2366 3995; x_wconf 89' lang='lat' dir='ltr'>spatium</span> <span class='ocrx_word' id='word_1_591' title='bbox 2402 3912 2503 3977; x_wconf 80' lang='lat' dir='ltr'>effe</span> 
     </span>
    </p>
   </div>
   <div class='ocr_carea' id='block_1_34' title="bbox 378 3991 2500 4436">
    <p class='ocr_par' dir='ltr' id='par_1_37' title="bbox 378 3991 2500 4436">
     <span class='ocr_line' id='line_1_94' title="bbox 383 3991 2499 4068; baseline 0.001 -22"><span class='ocrx_word' id='word_1_592' title='bbox 383 4008 527 4047; x_wconf 90' lang='lat' dir='ltr'>meas</span> <span class='ocrx_word' id='word_1_593' title='bbox 563 3992 730 4048; x_wconf 84' lang='lat' dir='ltr'>literas</span> <span class='ocrx_word' id='word_1_594' title='bbox 757 4037 772 4058; x_wconf 91' lang='lat'>,</span> <span class='ocrx_word' id='word_1_595' title='bbox 809 3993 995 4068; x_wconf 91' lang='lat' dir='ltr'>quibus</span> <span class='ocrx_word' id='word_1_596' title='bbox 1032 3992 1418 4068; x_wconf 85' lang='lat' dir='ltr'>quaestiunculas</span> <span class='ocrx_word' id='word_1_597' title='bbox 1468 4013 1657 4068; x_wconf 90' lang='lat' dir='ltr'>corpus</span> <span class='ocrx_word' id='word_1_598' title='bbox 1679 4038 1694 4060; x_wconf 94' lang='lat'>,</span> <span class='ocrx_word' id='word_1_599' title='bbox 1728 4014 1848 4050; x_wconf 90' lang='lat' dir='ltr'>cum</span> <span class='ocrx_word' id='word_1_600' title='bbox 1884 4001 2074 4052; x_wconf 89' lang='lat' dir='ltr'>trinam</span> <span class='ocrx_word' id='word_1_601' title='bbox 2124 3991 2499 4050; x_wconf 80' lang='lat' dir='ltr'>dimensionem</span> 
     </span>
     <span class='ocr_line' id='line_1_95' title="bbox 382 4062 2500 4143; baseline 0 -24"><span class='ocrx_word' id='word_1_602' title='bbox 382 4062 632 4139; x_wconf 87' lang='lat' dir='ltr'>quasdam</span> <span class='ocrx_word' id='word_1_603' title='bbox 671 4085 854 4143; x_wconf 87' lang='lat' dir='ltr'>magna</span> <span class='ocrx_word' id='word_1_604' title='bbox 874 4085 1020 4143; x_wconf 86' lang='lat' dir='ltr'>aequa</span> <span class='ocrx_word' id='word_1_605' title='bbox 1044 4084 1220 4123; x_wconf 89' lang='lat' dir='ltr'>tamen</span> <span class='ocrx_word' id='word_1_606' title='bbox 1242 4082 1299 4122; x_wconf 93' lang='lat' dir='ltr'>ut</span> <span class='ocrx_word' id='word_1_607' title='bbox 1362 4088 1417 4123; x_wconf 88' lang='lat' dir='ltr'>u·</span> <span class='ocrx_word' id='word_1_608' title='bbox 1468 4067 1670 4125; x_wconf 90' lang='lat' dir='ltr'>habeat.</span> <span class='ocrx_word' id='word_1_609' title='bbox 1697 4067 1802 4124; x_wconf 90' lang='lat' dir='ltr'>Sed</span> <span class='ocrx_word' id='word_1_610' title='bbox 1815 4067 2051 4124; x_wconf 89' lang='lat' dir='ltr'>nondum</span> <span class='ocrx_word' id='word_1_611' title='bbox 2067 4066 2121 4123; x_wconf 91' lang='lat' dir='ltr'>id</span> <span class='ocrx_word' id='word_1_612' title='bbox 2135 4064 2500 4138; x_wconf 87' lang='lat' dir='ltr'>nobispersua-</span> 
     </span>
     <span class='ocr_line' id='line_1_96' title="bbox 378 4134 2499 4216; baseline -0 -21"><span class='ocrx_word' id='word_1_613' title='bbox 378 4155 439 4195; x_wconf 88' lang='lat' dir='ltr'>to</span> <span class='ocrx_word' id='word_1_614' title='bbox 474 4134 709 4192; x_wconf 88' lang='lat' dir='ltr'>libertate</span> <span class='ocrx_word' id='word_1_615' title='bbox 738 4181 751 4202; x_wconf 91' lang='lat'>,</span> <span class='ocrx_word' id='word_1_616' title='bbox 795 4140 919 4196; x_wconf 87' lang='lat' dir='ltr'>Tibi</span> <span class='ocrx_word' id='word_1_617' title='bbox 955 4159 1050 4214; x_wconf 88' lang='lat' dir='ltr'>pro</span> <span class='ocrx_word' id='word_1_618' title='bbox 1088 4139 1214 4196; x_wconf 89' lang='lat' dir='ltr'>osui.</span> <span class='ocrx_word' id='word_1_619' title='bbox 1343 4162 1415 4199; x_wconf 91' lang='lat' dir='ltr'>on</span> <span class='ocrx_word' id='word_1_620' title='bbox 1466 4141 1541 4198; x_wconf 88' lang='lat' dir='ltr'>sit.</span> <span class='ocrx_word' id='word_1_621' title='bbox 1595 4142 1733 4198; x_wconf 89' lang='lat' dir='ltr'>Nam</span> <span class='ocrx_word' id='word_1_622' title='bbox 1770 4149 2007 4216; x_wconf 90' lang='lat' dir='ltr'>quamvis</span> <span class='ocrx_word' id='word_1_623' title='bbox 2028 4138 2389 4195; x_wconf 89' lang='lat' dir='ltr'>Mathematici</span> <span class='ocrx_word' id='word_1_624' title='bbox 2426 4142 2499 4194; x_wconf 89' lang='lat' dir='ltr'>ita</span> 
     </span>
     <span class='ocr_line' id='line_1_97' title="bbox 386 4207 2499 4290; baseline -0 -24"><span class='ocrx_word' id='word_1_625' title='bbox 386 4215 530 4267; x_wconf 89' lang='lat' dir='ltr'>enim</span> <span class='ocrx_word' id='word_1_626' title='bbox 546 4209 764 4266; x_wconf 90' lang='lat' dir='ltr'>multum</span> <span class='ocrx_word' id='word_1_627' title='bbox 781 4221 1030 4289; x_wconf 88' lang='lat' dir='ltr'>temporis</span> <span class='ocrx_word' id='word_1_628' title='bbox 1065 4211 1282 4288; x_wconf 87' lang='lat' dir='ltr'>uperest,</span> <span class='ocrx_word' id='word_1_629' title='bbox 1296 4234 1415 4272; x_wconf 90' lang='lat' dir='ltr'>cum</span> <span class='ocrx_word' id='word_1_630' title='bbox 1463 4213 1621 4290; x_wconf 86' lang='lat' dir='ltr'>vulgo</span> <span class='ocrx_word' id='word_1_631' title='bbox 1634 4233 1819 4288; x_wconf 90' lang='lat' dir='ltr'>corpus</span> <span class='ocrx_word' id='word_1_632' title='bbox 1835 4214 2110 4270; x_wconf 89' lang='lat' dir='ltr'>definiant:</span> <span class='ocrx_word' id='word_1_633' title='bbox 2135 4229 2309 4266; x_wconf 90' lang='lat' dir='ltr'>tamen</span> <span class='ocrx_word' id='word_1_634' title='bbox 2321 4207 2499 4266; x_wconf 88' lang='lat' dir='ltr'>fortas-</span> 
     </span>
     <span class='ocr_line' id='line_1_98' title="bbox 381 4281 2497 4363; baseline -0.001 -23"><span class='ocrx_word' id='word_1_635' title='bbox 381 4286 498 4340; x_wconf 86' lang='lat' dir='ltr'>satis</span> <span class='ocrx_word' id='word_1_636' title='bbox 518 4281 607 4339; x_wconf 90' lang='lat' dir='ltr'>diu</span> <span class='ocrx_word' id='word_1_637' title='bbox 632 4282 1017 4360; x_wconf 77' lang='lat' dir='ltr'>responsionem</span> <span class='ocrx_word' id='word_1_638' title='bbox 1044 4289 1215 4342; x_wconf 89' lang='lat' dir='ltr'>Tuam</span> <span class='ocrx_word' id='word_1_639' title='bbox 1241 4288 1413 4363; x_wconf 87' lang='lat' dir='ltr'>exspe-</span> <span class='ocrx_word' id='word_1_640' title='bbox 1465 4286 1529 4344; x_wconf 85' lang='lat' dir='ltr'>fis</span> <span class='ocrx_word' id='word_1_641' title='bbox 1568 4293 1746 4342; x_wconf 90' lang='lat' dir='ltr'>omnis</span> <span class='ocrx_word' id='word_1_642' title='bbox 1767 4284 2022 4342; x_wconf 79' lang='lat' dir='ltr'>dimensio</span> <span class='ocrx_word' id='word_1_643' title='bbox 2046 4290 2098 4339; x_wconf 74' lang='grc' dir='ltr'>δε</span> <span class='ocrx_word' id='word_1_644' title='bbox 2127 4288 2385 4360; x_wconf 90' lang='lat' dir='ltr'>quantitas</span> <span class='ocrx_word' id='word_1_645' title='bbox 2422 4282 2497 4339; x_wconf 85' lang='lat' dir='ltr'>est</span> 
     </span>
     <span class='ocr_line' id='line_1_99' title="bbox 387 4357 2492 4436; baseline -0.002 -24"><span class='ocrx_word' id='word_1_646' title='bbox 387 4358 563 4413; x_wconf 69' lang='lat' dir='ltr'>&amp;arim</span> <span class='ocrx_word' id='word_1_647' title='bbox 575 4398 589 4420; x_wconf 93' lang='lat'>,</span> <span class='ocrx_word' id='word_1_648' title='bbox 626 4365 700 4414; x_wconf 89' lang='lat' dir='ltr'>ita</span> <span class='ocrx_word' id='word_1_649' title='bbox 712 4374 770 4414; x_wconf 90' lang='lat' dir='ltr'>ut</span> <span class='ocrx_word' id='word_1_650' title='bbox 781 4363 914 4416; x_wconf 90' lang='lat' dir='ltr'>inter</span> <span class='ocrx_word' id='word_1_651' title='bbox 927 4380 1011 4417; x_wconf 87' lang='lat' dir='ltr'>me</span> <span class='ocrx_word' id='word_1_652' title='bbox 1025 4364 1076 4415; x_wconf 94' lang='lat'>&amp;</span> <span class='ocrx_word' id='word_1_653' title='bbox 1088 4360 1169 4416; x_wconf 87' lang='lat' dir='ltr'>Te</span> <span class='ocrx_word' id='word_1_654' title='bbox 1179 4378 1415 4419; x_wconf 87' lang='lat' dir='ltr'>commu·</span> <span class='ocrx_word' id='word_1_655' title='bbox 1465 4379 1716 4436; x_wconf 81' lang='lat' dir='ltr'>corporea</span> <span class='ocrx_word' id='word_1_656' title='bbox 1729 4401 1741 4423; x_wconf 92' lang='lat'>‚</span> <span class='ocrx_word' id='word_1_657' title='bbox 1768 4358 1925 4415; x_wconf 90' lang='lat' dir='ltr'>solida</span> <span class='ocrx_word' id='word_1_658' title='bbox 1936 4376 2126 4433; x_wconf 84' lang='lat' dir='ltr'>nempe</span> <span class='ocrx_word' id='word_1_659' title='bbox 2137 4362 2189 4414; x_wconf 78' lang='grc' dir='ltr'>δε</span> <span class='ocrx_word' id='word_1_660' title='bbox 2203 4357 2492 4415; x_wconf 86' lang='lat' dir='ltr'>materialis.</span> 
     </span>
    </p>
   </div>
   <div class='ocr_carea' id='block_1_35' title="bbox 1970 4430 2494 4512">
    <p class='ocr_par' dir='ltr' id='par_1_38' title="bbox 1970 4430 2494 4512">
     <span class='ocr_line' id='line_1_100' title="bbox 1970 4430 2494 4512; baseline -0.01 -25"><span class='ocrx_word' id='word_1_661' title='bbox 1970 4430 2057 4487; x_wconf 88' lang='lat' dir='ltr'>Bb</span> <span class='ocrx_word' id='word_1_662' title='bbox 2362 4431 2494 4512; x_wconf 62' lang='lat' dir='ltr'>{iaec</span> 
     </span>
    </p>
   </div>
  </div>
 </body>
</html>
