3068 4718
952 255 1052 310 Dn
1089 257 1465 313 Pnopntts
1505 256 2121 317 Expzxmenrrs.
2481 275 2542 331 89

428 360 603 403 totum
636 348 829 403 vitrum
854 385 870 408 ,
906 348 1183 424 ae'remque
1219 347 1467 404 inclusum
1519 346 1767 419 aerfflcut
1786 358 1843 408 in
1866 351 2534 431 aurifodiniscomperimur,

429 419 589 492 longe
623 417 974 475 humidiorem
1015 417 1176 492 facit)
1222 419 1463 476 nebulam
1518 417 1715 477 diverso
1739 437 1974 499 tempore
2012 444 2074 479 ex
2097 427 2345 486 meatibus
2363 434 2535 487 acrem

427 490 770 554 constituan13
797 508 913 567 quae
924 492 1461 565 perintromiffionem
1516 487 1650 562 flari)
1671 494 1755 549 ille
1776 512 1987 568 propter
2002 498 2295 571 qualitatem
2309 504 2448 558 suam
2460 503 2532 558 di-

425 561 625 640 aliquid
658 567 789 619 aeris
824 569 880 619 in
918 563 1083 621 nubes
1118 564 1344 620 distribui
1370 582 1457 638 po·
1521 563 1710 620 versam
1740 607 1754 628 ,
1789 587 1943 642 quam
1979 566 2130 625 habet
2163 591 2279 627 cum
2317 590 2530 631 externo

422 635 533 692 test.
569 634 706 691 Nam
716 635 930 711 quando
941 637 1213 711 epistomia
1223 636 1460 692 claudun·
1515 643 1631 689 aere
1647 640 2075 700 ‚contractionem
2087 643 2166 700 vel
2177 646 2531 702 alterationem

426 724 534 770 tur,
560 711 753 765 &vitta
766 710 831 764 ab
843 714 1062 766 invicem
1072 710 1389 783 separantur,
1408 714 1460 763 &
1515 707 1743 765 causatur
1764 751 1779 772 ,
1815 730 2087 787 eapropter
2119 735 2283 789 aquea
2310 725 2531 780 materia,

431 776 710 837 cucurbitae
744 781 1068 857 epissomium
1107 781 1354 855 paulisper
1380 800 1455 836 re·
1514 798 1627 853 quae
1648 785 1701 836 in
1723 788 1839 838 aere
1862 783 1935 839 est
1957 826 1970 847 ,
1991 787 2239 861 separatur
2259 790 2533 846 condensa-

423 852 626 911 laxatur
645 894 658 914 ,
698 871 981 929 parumque
1002 856 1135 909 ae‘ris
1155 859 1456 909 intromitti·
1515 867 1722 926 turque,
1752 854 1890 911 unde
1912 856 2087 915 Nubes
2108 861 2343 916 existunt.
2391 864 2533 916 Sicut
2554 856 2754 906 &ffirm-

424 940 537 992 tur,
559 941 686 983 tunc
708 926 895 982 nebula
914 924 999 980 illa
1021 931 1075 981 in
1091 925 1455 1001 nubesdisper·
1511 924 1695 979 eadem
1732 946 1798 981 ex
1834 930 1975 985 causa
2009 932 2194 989 accidit
2218 951 2276 989 ut
2298 951 2533 1009 tempore
2549 910 2765 1009 m'ss‘ssss

423 1005 579 1074 gitur.
1511 994 1748 1069 hyberno
1775 1001 2013 1056 animalia
2049 1022 2112 1057 ex
2137 1007 2311 1061 oribus
2331 1004 2533 1061 fumum
2552 1006 2742 1065 &f‘i'fm‘

498 1077 579 1128 Ex
590 1070 779 1148 quibus
806 1069 1072 1128 evidenter
1093 1069 1313 1133 constat,
1336 1088 1454 1145 pro-
1510 1068 1649 1142 quasi
1660 1070 1989 1128 velnebulam
2004 1076 2255 1132 exhalent.
2293 1077 2429 1133 Nam
2452 1099 2531 1134 ca·
2552 1058 2707 1106 '‘ww'‘

183 1135 405 1230 &a
423 1161 540 1222 pter
549 1149 680 1200 ae'ris
700 1143 1110 1200 contrafflonem
1123 1142 1206 1200 vel
1229 1142 1451 1198 diminu·
1475 1141 1484 1203 l
1508 1141 1663 1196 lidior
1698 1148 1783 1197 aet
1808 1149 1862 1197 in
1899 1143 2160 1220 frigidiore
2183 1149 2532 1210 condensatur.

182 1251 263 1278 m-
274 1244 379 1290 Aqu
427 1226 655 1280 tionem,
677 1234 863 1291 aquam
879 1256 895 1279 ,
915 1235 1030 1292 quae
1053 1216 1126 1271 est
1150 1221 1204 1271 in
1228 1223 1344 1272 a'e'te
1370 1256 1385 1279 ,
1403 1214 1454 1270 se
1511 1214 1723 1287 quando
1748 1232 1923 1271 autem
1946 1220 2285 1277 condensatur
2308 1263 2322 1283 ,
2357 1223 2414 1277 fit
2437 1230 2531 1278 mi-

174 1288 283 1342 Μ*
300 1287 407 1326 ’Μ’
422 1293 650 1366 separare
660 1287 724 1345 ab
737 1296 852 1344 aete
867 1328 882 1351 ,
903 1293 1028 1345 &in
1056 1288 1220 1345 nubes
1240 1306 1453 1362 congre·
1509 1304 1630 1347 nor,
1651 1291 1959 1348 minorvero
1975 1300 2084 1355 aer,
2104 1312 2213 1351 non
2228 1295 2396 1368 potest
2406 1315 2531 1351 con-

181 1352 266 1379 ”’”“
421 1381 555 1440 gare.
605 1361 766 1418 Unde
799 1358 839 1416 fi
875 1362 1206 1436 epistomium
1230 1368 1453 1418 omnino
1511 1365 1674 1415 tinere
1708 1377 1911 1419 tantum
1934 1385 2079 1441 aquae
2101 1407 2115 1427 ,
2150 1383 2400 1442 quantum
2425 1387 2530 1423 ma·

882 1437 894 1448 ·
1504 1437 1590 1501 jor
1635 1456 1652 1497 3
1710 1436 1833 1510 ergo
1879 1439 2003 1493 telin
2043 1443 2120 1494 uit
2174 1440 2534 1497 humiditatem

422 1435 674 1494 relaxatur
691 1475 706 1497 ,
758 1437 812 1489 &
846 1437 935 1491 ae’r
969 1432 1126 1509 plene
1158 1438 1454 1490 intromitti-

424 1525 509 1566 tur
523 1549 538 1571 ,
570 1508 710 1565 illico
742 1508 911 1563 nubes
930 1507 1011 1565 vel
1027 1508 1228 1563 nebulae
1251 1505 1456 1565 evanes—
1510 1503 1652 1560 suam
1666 1547 1680 1570 ,
1703 1527 1818 1583 quae
1842 1510 1993 1578 nobis
2052 1527 2073 1566 t
2096 1510 2299 1567 visibilis
2320 1514 2392 1568 ob
2413 1532 2536 1567 con-
2571 1582 2575 1585 ι

1514 1579 1836 1645 junstionem
1857 1599 1938 1640 tot
1962 1583 2241 1640 multorum
2266 1584 2536 1659 corpuscu-

422 1596 550 1639 cunt
574 1624 589 1645 ,
625 1588 748 1658 quia
781 1579 845 1636 ab
881 1586 1106 1637 intrante
1139 1587 1255 1637 a'ere
1291 1579 1456 1636 absor-

425 1654 628 1712 bentur.
1300 1711 1309 1718 ⁴
1517 1649 1705 1707 lorum.
1742 1660 1917 1729 Atque
1928 1655 2030 1712 hoc
2041 1656 2226 1719 modo,
2252 1657 2538 1719 aestate,vel
2560 1655 2669 1691 Vim·
2683 1654 2771 1702 ²³⁴ss

496 1727 662 1783 Porro
684 1767 700 1788 ,
734 1725 947 1802 quando
972 1744 1064 1801 per
1084 1725 1242 1781 breve
1251 1740 1460 1800 tempus
1519 1729 1676 1779 etiam
1699 1731 1754 1780 in
1776 1726 1903 1782 locis
1923 1727 2098 1783 calidis
2122 1770 2136 1791 ,
2158 1730 2392 1785 videmus
2410 1738 2540 1787 vitra
2557 1718 2664 1793 ἵζ’
2679 1706 2744 1754 [¹⁴-

425 1798 693 1856 cucurbita
714 1799 825 1855 haec
846 1799 954 1854 una
975 1817 1095 1854 cum
1109 1798 1291 1854 nebula
1302 1797 1460 1852 serva·
1485 1791 1493 1875 Ι
1520 1794 1839 1871 aliaquevasa
1851 1805 2039 1856 vinaria
2060 1799 2089 1855 ὲ
2111 1800 2309 1874 frigidis
2321 1802 2459 1858 cellis
2473 1802 2542 1857 al-

424 1889 511 1929 tur
529 1913 544 1935 ,
590 1873 767 1946 potest
800 1870 1091 1928 luculenter
1124 1873 1287 1928 videri
1313 1911 1327 1933 ,
1371 1871 1461 1923 de·
1486 1877 1492 1950 Ι
1517 1868 1643 1931 lata,
1668 1869 1808 1945 quasi
1819 1871 2023 1927 sudare:
2049 1879 2179 1928 ratio
2198 1874 2294 1934 est,
2317 1883 2437 1948 quia
2457 1880 2564 1928 aer¹

425 1946 628 2002 scensus
662 1944 863 2000 nebulae
899 1949 952 1998 &
974 1945 1222 2017 separatio
1259 1948 1370 2010 ejus
1396 1940 1460 1993 ab
1487 1952 1492 1986 ¹
1518 1942 1943 1998 circumambiens
1976 1962 2091 2004 vas,
2123 1942 2444 2018 refrigeratur
2480 1947 2542 1999 ab

182 2055 325 2101 mm,
344 2044 382 2082 ε.
428 2025 547 2075 aere
581 2017 867 2080 sereniori;
902 2014 1079 2069 Potest
1101 2019 1257 2068 etiam
1282 2029 1458 2067 motus
1519 2011 1710 2067 eodem
1733 2054 1747 2074 ,
1796 2014 1937 2069 unde
1973 2015 2290 2072 contrabitur
2321 2060 2335 2079 ,
2369 2019 2545 2074 conse-

181 2092 266 2159 ἀνα,
294 2093 413 2148 prm!
427 2090 515 2150 vel
527 2087 800 2148 undulatio
811 2093 863 2144 in
877 2091 1011 2143 vitto
1034 2090 1158 2142 cieri
1171 2085 1310 2146 talis,
1333 2102 1458 2159 qua·
1519 2102 1734 2161 quenter
1745 2086 1991 2161 aquosum
2013 2088 2159 2143 suum
2183 2087 2456 2146 humorem
2468 2110 2544 2145 re-

180 2146 376 2239 2⁶:2¹⁸
425 2165 529 2220 lem
565 2159 736 2218 forsan
772 2159 968 2218 habent
988 2166 1381 2236 evaporationes
1404 2163 1460 2213 in
1488 2205 1492 2224 ,
1515 2158 1731 2233 linquit,
1754 2168 1844 2236 qui
1856 2158 2047 2218 deinde
2057 2161 2300 2219 lateribus
2322 2160 2449 2221 vasis
2461 2162 2545 2218 ad·

427 2238 569 2297 Aere
601 2234 883 2311 superiori:
929 2231 1076 2309 quod
1109 2230 1178 2289 ad
1203 2236 1459 2307 cognitio·
1520 2231 1694 2287 haeret.

428 2327 553 2366 nem
576 2313 715 2365 aerei
741 2306 1047 2383 systematis
1068 2305 1340 2372 meliorem
1352 2324 1462 2380 per·
1593 2308 1833 2381 Denique
1867 2304 2070 2364 filentio
2105 2326 2215 2364 non
2241 2324 2548 2385 praetereun-
2567 2329 2696 2367 cotom
2716 2330 2778 2368 m·

428 2388 580 2440 tinet.
1523 2378 1649 2435 dum
1677 2403 1691 2433 ι
1730 2378 1942 2454 quando
1977 2386 2104 2438 vitra
2124 2380 2234 2437 haec
2255 2382 2365 2438 Soli
2390 2401 2547 2459 expo.
2564 2382 2787 2419 disemum.

507 2453 719 2511 Deinde
733 2472 796 2509 ex
808 2452 890 2508 his
901 2449 1329 2526 omnibuspotest
1347 2449 1467 2505 disci
1525 2469 1743 2513 nuntur,
1779 2468 1931 2528 atque
1966 2459 2198 2530 operatio
2234 2455 2514 2512 instituitur
2532 2498 2547 2518 ,

440 2526 589 2584 causa
601 2525 837 2582 Nubium
871 2544 932 2582 ac
966 2529 1301 2588 Ventorum3
1347 2539 1467 2576 nam
1526 2524 1673 2597 quod
1708 2540 1835 2578 tunc
1869 2531 1977 2580 Aer
2010 2532 2065 2582 in
2101 2525 2155 2582 su
2195 2533 2345 2583 eriori
2370 2534 2545 2590 vitro,

192 2605 313 2666 φῖ·
337 2604 412 2643 ⁸¹¹·
439 2598 656 2678 quando
682 2617 749 2656 ex
774 2601 1038 2654 montium
1057 2595 1470 2652 radicibus&ca·
1528 2594 1676 2652 valde
1710 2594 1934 2669 primum
1976 2546 2275 2655 candeilgere
2310 2606 2549 2674 incipiat,

190 2660 298 2698 Μ
441 2678 616 2733 vernis
646 2671 983 2729 subterraneis
1019 2667 1274 2743 affurgunt
1315 2686 1473 2741 vapo-
1532 2668 1813 2793 posteaque
1837 2667 1983 2725 Iridis
2007 2670 2225 2729 Colores
2246 2671 2426 2727 reddat
2446 2680 2546 2730 evi·

443 2765 527 2806 res
547 2789 562 2810 ,
583 2744 664 2806 vel
687 2751 843 2802 etiam
866 2760 1033 2802 novus
1055 2741 1185 2799 inibi
1206 2755 1477 2818 generatus
1534 2739 1675 2795 denti
1719 2757 1869 2797 imos.

1212 2933 1263 2987 C
1310 2948 1354 2988 A
1402 2947 1435 2988 Ρ
1487 2945 1532 2987 u
1583 2945 1625 2986 T
1714 2932 1853 2986 XII.

1257 3063 1347 3124 De
1380 3058 1499 3146 {gne
1527 3059 1576 3122 in
1602 3061 1787 3122 Vacuo.

648 3290 862 3349 accendi
886 3296 937 3346 &
959 3297 1012 3347 in
1037 3294 1151 3368 (cap.
1175 3315 1217 3360 5.
1235 3311 1290 3351 ut
1318 3298 1378 3358 ξς
1399 3316 1481 3350 an·
1535 3302 1677 3351 ravit,

650 3363 830 3435 teced.)
879 3363 1073 3421 distum
1121 3367 1482 3444 Recipientem
1610 3373 1688 3422 Ex
1724 3364 1909 3442 quibus
1944 3370 1996 3421 δε
2030 3366 2112 3421 his
2145 3365 2325 3440 saepius
2359 3374 2564 3423 reitera-

203 3466 400 3508 mtun‘m
449 3453 502 3506 L,
514 3438 778 3498 mediante
801 3455 951 3492 exem
989 3437 1066 3493 tili
1092 3440 1378 3515 Epistomio
1403 3464 1485 3515 qr,
1538 3446 1604 3496 tis
1626 3444 1991 3516 experimentis
2013 3438 2402 3514 percipiendum
2442 3455 2564 3498 erat,

198 3518 311 3569 1⁶⁰⁸·ss
336 3519 422 3554 ΗΠ·
450 3511 671 3574 immisi,
700 3508 920 3565 deinde'
964 3530 1053 3566 um
1059 3517 1209 3583 juxta
1233 3515 1314 3572 vel
1336 3514 1401 3571 ad
1421 3516 1490 3572 la-
1537 3517 1717 3588 Ignem
1752 3509 1858 3568 fine
1895 3517 2015 3568 aere
2048 3517 2219 3568 vivere
2255 3531 2364 3567 non
2392 3510 2559 3584 posse,

192 3569 299 3619 '⁸³'
451 3607 538 3646 tus
563 3584 830 3643 Machinae
852 3584 969 3658 (cap.
988 3585 1045 3653 4)
1063 3592 1291 3660 apponi:
1318 3594 1367 3643 δε
1383 3590 1490 3658 (an-
1538 3585 1628 3643 sed
1653 3583 1801 3642 simul
1826 3604 1944 3640 cum
1970 3593 2087 3641 aiire
2115 3588 2374 3658 extingui;
2409 3583 2566 3639 Flam-

454 3657 687 3718 diabene
698 3657 994 3727 exercitata)
1012 3658 1184 3713 aerem
1198 3661 1489 3718 extrahicu·
1540 3679 1638 3715 mae
1674 3659 1798 3716 vero
1822 3658 2035 3732 figuram
2070 3657 2373 3731 oblongam,
2410 3658 2474 3713 ab
2488 3662 2670 3718 ae-ngk
2684 3667 2797 3719 flam.

261 3786 366 3822 m
462 3740 587 3792 ravi.
645 3737 710 3787 Et
745 3727 855 3789 vidi
879 3728 1142 3785 flammam
1205 3732 1490 3791 ederentim
1542 3740 1611 3789 ris
1625 3739 1871 3808 gravitate
1885 3731 2097 3786 existere
2118 3772 2133 3793 ,
2170 3749 2282 3804 quae
2302 3727 2440 3785 illam
2467 3732 2721 3819 ele-2:32?
2741 3719 2801 3756 ⁰⁴·

205 3793 279 3874 aasz
301 3794 391 3872 cun:
464 3811 631 3862 minui
652 3848 665 3868 ,
689 3810 741 3859 &
762 3802 1002 3859 unacum
1015 3802 1135 3859 exsu
1188 3812 1349 3862 oaere
1373 3827 1491 3863 con-
1542 3822 1628 3862 vat
1649 3809 1702 3859 &
1723 3805 2040 3879 aliquantum
2074 3803 2261 3859 sursum
2286 3803 2429 3877 pellit
2450 3805 2566 3872 (ceu

206 3891 285 3925 ἀνι
305 3882 431 3923 muf-
460 3877 595 3935 trahi
618 3895 772 3953 atque
795 3875 1095 3953 conglobari
1122 3919 1134 3939 ‚
1158 3876 1319 3933 donec
1331 3898 1391 3934 ea
1403 3879 1489 3935 de·
1517 3900 1519 3916 ¹
1542 3896 1674 3953 aqua
1695 3917 1708 3938 ,
1744 3879 1923 3933 naturai
1943 3881 2139 3951 gravior
2160 3879 2277 3931 a'e’re
2299 3916 2313 3938 ,
2351 3875 2565 3945 bullam)

204 3946 276 3976 ‘'⁸'‘
454 3969 730 4008 mumcum
742 3951 969 4007 coeruleo
982 3949 1234 4016 coloread
1249 3969 1488 4007 cacumen
1543 3958 1614 4007 ita
1648 3965 1820 4005 tamen
1850 3992 1864 4012 ,
1898 3965 1957 4006 ut
1992 3947 2198 4005 flamma
2232 3954 2285 4004 in
2322 3949 2565 4020 ellychnii

453 4025 700 4098 ellychnii
712 4031 1021 4098 perveniens
1044 4024 1273 4079 extinsta
1294 4024 1381 4079 est.
1425 4030 1490 4080 Et
1543 4042 1707 4099 pruna
1719 4023 1919 4079 haerens
1942 4040 2172 4084 maneat,
2207 4027 2327 4097 quia
2352 4027 2567 4075 circum-

451 4100 688 4174 quamvis
722 4096 837 4169 post
873 4097 1153 4155 extinQam
1190 4095 1449 4152 flammam
1474 4144 1487 4163 ‚
1544 4100 1680 4154 stans
1717 4099 1805 4152 aie'r
1841 4094 2024 4151 fortior
2056 4114 2162 4150 non
2191 4097 2377 4168 premit
2412 4094 2568 4168 quam

452 4168 774 4244 ellychnium
806 4187 900 4243 per
935 4191 1091 4238 unam
1132 4168 1215 4226 vel
1246 4168 1372 4225 duas
1395 4170 1488 4226 ho·
1547 4171 1622 4226 est
1646 4169 1866 4225 ssammae
1903 4185 2021 4222 cum
2059 4186 2222 4243 pruna
2244 4167 2569 4237 conjunffl03

451 4262 518 4299 rae
553 4248 776 4299 minutas
803 4249 1021 4316 ignitum
1047 4241 1378 4320 permanserit
1406 4241 1486 4298 fu·
1540 4241 1697 4299 Unde
1733 4285 1745 4304 ‚
1782 4241 1821 4296 st
1857 4246 1911 4296 in
1939 4238 2443 4364 lociizjinferioribus,
2481 4240 2567 4292 ubi

2487 4330 2571 4365 aer

446 3218 901 3403 CAndelam
927 3238 994 3275 ex
1018 3238 1130 3276 cera
1154 3220 1269 3278 alba
1291 3221 1480 3278 sairam
1531 3239 1782 3296 mumque
1795 3219 1932 3275 reeta
1944 3220 2188 3284 emiserit,
2211 3237 2386 3276 tamen
2399 3220 2559 3295 exspi-
