3068 4718
910 201 1023 255 Dit
1075 202 1614 259 SYSTEMATR
1684 206 2027 262 Munnr.

402 290 562 350 Unde
598 297 756 348 etiam
785 289 1041 349 distantiae
1059 312 1119 350 ac
1144 299 1439 368 proportio-

400 383 498 423 nes
508 367 696 421 horum
710 382 1008 438 corporum,
1022 384 1270 423 eorumve
1280 366 1438 440 sphae-

403 457 574 495 rarum
594 445 729 494 inter
750 437 855 493 sese
869 482 883 502 ,
897 445 1124 495 numeris
1135 437 1346 514 quidem
1360 444 1436 494 in-

405 511 588 572 dicari,
627 509 770 566 nulla
795 526 973 568 tamen
1001 527 1110 567 arte
1134 529 1229 585 per
1254 510 1438 567 instru-

404 599 583 640 menta
597 583 901 641 mechanica
924 583 1438 659 proportionabiliter

402 655 636 713 exhiberi
655 698 668 718 ,
681 660 763 713 vel
776 666 828 713 in
844 658 1014 713 charta
1024 655 1112 711 seu
1161 658 1338 712 lanitie
1348 657 1435 711 ali·

438 748 503 785 ua
518 729 734 786 describi
746 747 835 786 aut
844 729 1080 804 depingi:
1132 745 1237 784 icut
1248 748 1347 784 nec
1360 729 1436 785 di-

401 750 603 858 aantiae
627 823 688 858 ac
707 807 1019 879 quantitates
1046 821 1229 858 eorum
1253 801 1435 858 huma·

400 895 475 932 no
493 876 759 932 intellectu
770 880 883 948 capi
899 871 1121 949 poss‘unt.

476 951 616 1027 Qis
666 955 808 1003 enim
844 954 1084 1002 omnium
1134 946 1433 1004 mortalium

400 1027 744 1098 quantitatem
781 1026 1017 1095 corporis
1063 1020 1435 1077 tantummodo

399 1096 583 1151 nostrae
607 1094 835 1151 Telluris
863 1134 879 1156 ,
964 1092 1069 1148 uod
1095 1099 1149 1148 in
1175 1095 1431 1150 diametro

403 1175 535 1230 1718
554 1165 645 1222 seu
675 1165 862 1234 (facilis
886 1186 915 1221 c
966 1170 1069 1221 culi
1082 1166 1252 1236 causa)
1281 1188 1434 1230 1720,

396 1245 450 1295 in
470 1237 860 1296 semidiametro
872 1257 1047 1297 autem
1075 1247 1192 1302 860,
1207 1244 1323 1295 &in
1338 1246 1426 1296 cit·

395 1310 743 1369 cumferentia
769 1315 902 1382 54:00
932 1311 1169 1369 milliaria
1214 1319 1432 1369 ermani-

393 1405 453 1442 ca
465 1427 478 1447 ,
489 1405 711 1461 quorum
734 1409 754 1440 r
769 1408 794 1452 5
806 1392 898 1443 uni
909 1385 1088 1462 gradui
1100 1331 1431 1461 reigondenn

394 1466 632 1515 continet
645 1501 658 1521 ,
668 1459 758 1515 fibi
770 1465 1036 1535 imaginari
1047 1474 1137 1516 aut
1147 1476 1325 1516 mente
1336 1459 1432 1516 fin-

392 1551 516 1608 gere
532 1533 739 1608 potest?

466 1608 654 1682 Qum
666 1623 842 1663 tamen
855 1605 1009 1678 hujus
1034 1606 1218 1661 umbra
1231 1621 1433 1679 tempo·

395 1698 453 1735 re
490 1679 754 1755 Eclipseos
789 1684 1011 1734 Lunaris
1045 1685 1099 1732 in
1136 1678 1247 1752 ipso
1273 1681 1437 1733 Lunae

401 1751 544 1822 (astri
564 1761 808 1808 omniurn
838 1751 992 1807 nobis
1017 1752 1270 1824 proximi)
1302 1766 1436 1806 tran·

393 1824 522 1888 situ,
555 1827 690 1882 adeo
713 1823 824 1881 fere
847 1830 1060 1899 exigua,
1094 1822 1269 1895 utipsa
1282 1826 1433 1877 Luna

393 1898 552 1955 nobis
564 1913 827 1972 appareat.

149 2022 177 2058 1
238 2017 249 2056 t
465 1978 548 2027 Ac
566 1986 626 2026 ut
653 1976 886 2025 initiatus
901 1967 1084 2022 harum
1097 1966 1428 2021 scientiarum

141 2079 186 2107 u
208 2040 369 2119 quaa}
389 2045 456 2100 eo
466 2048 629 2118 magis
638 2038 930 2099 indubitate
942 2046 1220 2115 percipiat,
1244 2041 1427 2095 Plane-

138 2120 368 2167 *Μ
385 2122 473 2172 tici
485 2119 572 2189 huj
579 2135 639 2172 us
651 2116 785 2172 Coeli
801 2113 1196 2189 amplitudinem
1209 2113 1303 2183 (de
1315 2112 1428 2168 stel-

135 2170 354 2275 ἕλιξ
383 2192 550 2248 larum
566 2195 706 2245 enim
722 2192 956 2246 Fixarum
968 2185 1128 2262 longe
1138 2186 1309 2243 adhuc
1321 2205 1426 2242 ma-

135 2276 337 2334 hte-3⁶¹⁸,
381 2271 488 2338 jori
500 2263 762 2326 distantia,
801 2261 1040 2319 nondum
1066 2263 1288 2336 agimus)
1314 2276 1422 2315 tan-

135 2323 350 2414 πω·
386 2336 640 2400 tameffe,
675 2354 733 2392 ut
756 2344 871 2408 ejus
898 2334 1132 2408 respectu
1155 2334 1423 2388 Terrenus

221 2403 231 2412 ’
388 2412 562 2469 noster
581 2409 768 2484 globus
791 2407 990 2463 nullam
1025 2406 1245 2461 omnino
1273 2410 1421 2461 ratio-

390 2503 515 2541 nem
529 2481 767 2539 obtineat
783 2506 800 2546 ς
820 2480 1105 2556 Sequentia
1114 2478 1292 2536 saltem
1302 2495 1427 2532 con-

389 2555 582 2612 fideret
614 2553 963 2611 fundamenta
986 2551 1245 2628 generalia
1265 2567 1423 2627 atque

387 2629 652 2687 notiffima
669 2655 682 2684 ι
721 2628 897 2684 Primo
908 2633 1050 2682 enim
1060 2640 1247 2681 notum
1259 2624 1335 2679 est
1346 2643 1423 2679 ar-

387 2703 611 2760 tificibus
627 2745 641 2765 ‚
677 2708 766 2777 qui
780 2704 835 2756 H
838 2698 1075 2774 orologia
1087 2699 1284 2754 Solaria
1295 2716 1421 2752 con-

387 2776 599 2840 ficiunt,
633 2773 1038 2830 fundamentum
1061 2776 1291 2842 cujusvis
1302 2773 1420 2826 Ho-

384 2853 573 2926 rologii
585 2868 652 2905 ex
664 2864 849 2905 centro
860 2847 1039 2903 Terrae
1051 2843 1421 2920 dependere&

470 2925 579 2980 lum
604 2922 892 2998 horologii,
928 2938 1085 2976 axem
1109 2917 1306 2978 Mundi
1327 2937 1421 2994 per

444 3016 567 3053 errae
587 3011 826 3053 centrum
851 2993 1233 3069 repraesentare3
1270 2997 1341 3047 ita
1360 3010 1419 3047 ut

387 3068 665 3147 quodlibet
691 3067 1024 3142 horologium
1048 3084 1157 3121 non
1179 3064 1247 3122 ad
1271 3065 1418 3122 usum

386 3150 443 3200 in
458 3143 515 3199 su
557 3142 919 3199 erficieTerrae
935 3183 949 3204 ‚
983 3138 1070 3195 sed
1116 3138 1219 3195 uasi
1230 3146 1284 3195 in
1298 3158 1416 3195 cen·

384 3234 470 3273 tro
543 3235 670 3272 errae
686 3211 932 3276 essemus,
971 3231 1072 3268 con
1121 3214 1324 3270 rudium
1336 3211 1410 3268 fit.

385 3288 548 3347 Unde
572 3289 709 3346 ἀίἃει
733 3286 1015 3344 distantia&
1036 3302 1212 3343 centro
1241 3288 1420 3343 Terrae

383 3364 548 3442 usque
560 3361 630 3418 ad
638 3360 963 3437 superficiem
977 3358 1065 3415 seu
1077 3362 1250 3416 locum
1263 3360 1417 3416 istum

379 3444 437 3495 in
452 3458 564 3515 quo
588 3438 829 3511 degimus
846 3477 861 3498 ,
893 3432 1040 3490 nihili
1060 3435 1276 3490 omnino
1290 3433 1417 3489 aesti·

382 3529 553 3567 matur
579 3553 594 3574 ,
629 3528 699 3565 ne
739 3527 805 3563 ue
841 3508 1000 3563 ullam
1033 3504 1410 3573 sensibilitatem

379 3591 642 3661 importat.
700 3530 949 3638 Zecundo
997 3579 1185 3636 scimus
1206 3624 1219 3643 ‚
1268 3580 1415 3657 quod

381 3675 561 3715 motus
575 3663 627 3713 &
641 3655 760 3712 loca
774 3656 1106 3710 Planerarum
1123 3659 1176 3709 in
1188 3654 1339 3710 Coelo
1351 3653 1416 3711 ab

377 3732 711 3787 Astronomis
746 3745 853 3784 tam
879 3727 1058 3783 exaQe
1080 3725 1178 3782 sint
1202 3746 1418 3803 compu-

379 3819 509 3867 tata,
547 3820 607 3860 ut
630 3803 823 3861 horum
843 3798 1207 3877 oppositiones
1228 3805 1417 3857 &con-

137 3883 357 3923 δαίδων
374 3877 679 3951 junstiones
725 3875 1010 3952 praedicere
1072 3872 1263 3948 poffint
1307 3877 1418 3944 (uti

129 3940 353 4023 ξ’ζιῖἷῖζ,
378 3969 535 4008 exem
573 3949 624 4007 la
648 3950 905 4009 habemus
926 3955 981 4006 in
1013 3948 1155 4003 Solis
1181 3950 1233 4001 &
1256 3949 1421 4003 Lunae

129 4035 186 4096 ὃς*
207 4044 347 4087 rvr-r·
374 4023 523 4100 Eclip
544 4023 681 4095 ibus)
718 4023 1068 4081 nihilominus
1094 4036 1273 4075 tamen
1286 4028 1421 4077 inter

129 4086 327 4185 {⁸227ssss
372 4098 552 4156 locum
566 4098 718 4153 istum
736 4117 919 4154 verum
943 4102 999 4153 in
1030 4093 1213 4156 Coelo,
1237 4100 1326 4170 qui
1348 4094 1421 4149 est

126 4188 292 4227 rra-em
378 4175 467 4230 res
493 4172 613 4229 estu
629 4177 789 4227 centri
802 4173 1004 4232 Terrae,
1043 4172 1095 4223 &
1114 4169 1291 4222 locum
1304 4171 1422 4296 (ἇίΪῖ

121 4251 327 4343 {¹:222}-
376 4253 431 4306 in
543 4261 718 4301 menta
758 4244 1125 4302 Astronomica
1147 4249 1305 4315 exqui

2451 234 2517 277 27

1487 292 1649 366 fima)
1697 301 1753 352 in
1787 295 2063 372 superficie
2097 300 2274 357 Terrae
2319 303 2512 368 visum,

1490 369 1685 425 nullam
1718 370 1966 428 sentimus
2002 367 2344 430 differentiam
2368 418 2383 440 ,
2421 376 2512 431 sed

1489 442 1706 514 perinde
1717 440 1868 499 nobis
1882 443 1954 498 est
1966 486 1979 506 ,
1992 462 2051 498 ac
2062 442 2098 499 si
2115 461 2315 502 rantum
2333 455 2386 504 in
2396 468 2514 504 cen-

1490 528 1574 569 tro
1594 515 1772 570 Terrae
1784 517 1861 570 hae
1883 515 2267 575 observationes
2280 521 2519 577 institutae

1490 583 1712 642 fuissent.
1768 589 1952 644 Tertio
1974 590 2166 665 ubique
2198 607 2445 648 terrarum
2469 599 2520 648 &

1490 666 1705 717 marium
1755 659 1993 717 videmus
2052 674 2310 738 integrum
2358 664 2523 721 hemi-

1486 731 1761 807 sphaerium
1789 733 1950 799 Coeli,
1988 740 2039 790 &
2075 735 2222 811 quod
2259 736 2519 792 stellarum

1482 807 1718 861 Fixarum
1755 805 2126 864 diametraliter
2162 809 2519 883 oppofitarum

1484 879 1642 933 altera
1668 898 1787 935 cum
1804 879 1877 934 est
1898 885 1951 934 in
1965 899 2111 942 ortu,
2152 882 2310 937 altera
2322 881 2520 956 semper

1485 956 1539 1006 in
1550 951 1733 1007 occasu
1745 969 2030 1026 comparet.
2065 955 2271 1025 Quarto
2287 997 2300 1018 ,
2339 955 2518 1011 viden·

1488 1023 1612 1080 dum
1626 1025 1699 1079 est
1726 1023 1860 1080 insta
1884 1042 1978 1098 cap.
1999 1048 2080 1090 25.
2158 1027 2266 1082 uod
2288 1028 2522 1083 semidia-

1485 1113 1649 1153 meter
1670 1097 1876 1172 sphaerae
1905 1100 2107 1154 Saturni
2139 1100 2399 1155 ecundum
2413 1107 2519 1155 Ric-

1484 1172 1655 1224 ciolum
1681 1176 1735 1225 in
1763 1170 1934 1226 media
1969 1171 2206 1227 distantia
2236 1172 2319 1230 vel
2341 1173 2370 1227 a
2397 1172 2516 1229 Sole

1486 1243 1567 1297 vel
1591 1245 1753 1298 Terra
1788 1253 2052 1300 contineat
2086 1270 2113 1308 7
2126 1267 2252 1314 3000
2287 1246 2520 1304 semidia-

1483 1331 1685 1373 metros
1696 1320 1870 1372 Terrae
1885 1342 1900 1382 ;
1931 1319 1982 1372 Si
1995 1325 2169 1395 itaque
2186 1318 2294 1375 haec
2306 1329 2518 1394 ponitur

1483 1405 1542 1445 ut
1554 1409 1685 1453 una,
1719 1406 1845 1446 tunc
1857 1396 1953 1446 erit
1984 1392 2099 1466 (per
2117 1414 2195 1457 19.
2210 1391 2348 1457 lib.5.
2363 1394 2519 1446 Eucli-

1484 1462 1593 1526 Δὶς,
1630 1465 1717 1519 seu
1738 1482 1832 1538 per
1848 1466 1935 1518 ult.
1970 1486 2048 1519 12.
2075 1463 2319 1534 Euclidis)
2344 1467 2520 1520 Terrae

1482 1536 1643 1593 cubus
1667 1538 1754 1593 seu
1776 1536 1962 1612 globus
1998 1539 2065 1593 ad
2088 1537 2293 1611 sphaerae
2315 1540 2520 1594 Saturni

1484 1609 1745 1665 cubumut
1777 1633 1797 1663 1
1827 1609 1893 1664 ad
1922 1619 2518 1677 38901703000000000,

1482 1681 1572 1737 sed
1595 1681 1898 1738 insensibilis
1919 1682 1992 1738 est
2022 1688 2190 1737 unitas
2214 1682 2279 1738 ad
2316 1700 2518 1741 tantum

1484 1774 1762 1809 numerum
1797 1757 2006 1816 collata,
2044 1775 2096 1809 er
2134 1756 2168 1808 ὸ
2196 1757 2362 1811 Terra
2387 1777 2517 1831 quo·

1482 1846 1585 1899 que
1608 1827 1675 1880 ad
1701 1833 2034 1898 capacitatem
2057 1773 2259 1899 spffiaetae
2283 1830 2484 1884 Saturni
2502 1872 2516 1890 ,

1483 1897 1679 1951 nullam
1703 1897 1860 1952 habet
1895 1904 2165 1952 rationem.
2224 1901 2299 1954 Ut
2335 1919 2509 1958 autem

1480 1970 1644 2024 Terra
1699 1969 2116 2044 incomparabilis
2173 1970 2238 2024 ad
2300 1973 2508 2029 Saturni

1478 2042 1759 2117 sphaeram‚
1793 2041 1861 2098 fic
1885 2041 2130 2099 Saturnis
2156 2041 2509 2101 haeraincom-

1479 2115 1717 2191 parabilis
1741 2116 1808 2172 ad
1831 2118 1861 2172 s
1887 2116 2075 2172 haeram
2110 2118 2264 2172 iellae
2294 2121 2509 2191 alicujus

1478 2193 1631 2252 Fixae,
1677 2195 1831 2245 etiam
1854 2192 1969 2245 lilla
1981 2189 2125 2246 stella
2148 2197 2384 2247 omnium
2394 2212 2512 2267 pro-

1477 2271 1617 2320 xima
1627 2263 1780 2321 nobis
1792 2262 1915 2320 effet
1930 2287 1946 2329 ς
1983 2263 2048 2321 de
2060 2282 2167 2339 quo
2178 2281 2356 2321 tamen
2368 2264 2507 2330 lib.7.

1474 2337 1699 2394 uberius.

1549 2413 1752 2473 Primus
1763 2453 1775 2473 ,
1788 2416 1878 2486 qui
1890 2411 2011 2467 huic
2023 2417 2119 2468 arri
2134 2411 2404 2471 Astrorum
2418 2415 2509 2468 Di-
2556 2423 2729 2484 authores

1478 2483 1689 2539 stantias
1712 2488 1764 2538 &
1791 2484 2187 2558 Magnitudines
2198 2485 2502 2561 indagandi,
2554 2486 2755 2572 ''2²22ss

1476 2575 1659 2612 manus
1680 2561 1860 2627 injecit
1881 2597 1896 2619 ‚
1933 2562 2184 2632 reperitur
2207 2562 2505 2620 Aristarchus
2530 2541 2709 2623 Διώνη,

1476 2635 1665 2684 Samius
1677 2671 1691 2691 ,
1727 2638 1816 2704 qui
1835 2635 1963 2684 vixit
1973 2650 2074 2698 400
2087 2635 2238 2686 annis
2253 2647 2374 2688 ante
2388 2635 2506 2687 Pto·
2522 2627 2737 2679 sffffts'm‘·

1473 2703 1731 2766 lemaeum,
1741 2706 1793 2756 &
1805 2701 2112 2776 Pythagorae
2125 2701 2314 2778 dogma
2322 2704 2508 2779 scripto

1475 2775 1542 2831 ad
1566 2775 1811 2851 posteros
1836 2785 2173 2851 propagavit3
2209 2776 2391 2851 Qem
2414 2796 2509 2853 po·

1477 2850 1584 2906 stea
1643 2847 1848 2905 secutus
1898 2852 2196 2925 Hipparchus
2254 2849 2470 2908 Rhodius
2497 2893 2512 2915 ,

1475 2927 1637 2979 Hunc
1662 2924 1947 2978 Ptolemaeus
1970 2920 2056 2976 lib.
2073 2926 2168 2991 suo
2178 2930 2339 2996 magni
2354 2930 2510 3001 operis

1478 3019 1523 3063 5.
1551 2995 1745 3052 deinde
1782 2995 2097 3071 Albategnius
2134 2999 2186 3049 &
2220 2997 2510 3074 Alfiaganus

1472 3070 1673 3127 Arabes
1704 3095 1717 3124 ε
1759 3069 2024 3124 Neoterici
2048 3111 2061 3130 ,
2099 3074 2514 3145 Regiomontanus,

1471 3149 1750 3220 capet-nicus
1761 3187 1776 3206 ‚
1812 3146 1961 3219 ijcho
1975 3144 2201 3196 Brabaeus
2219 3182 2234 3203 ‚
2257 3153 2294 3195 K
2298 3145 2483 3218 epletus
2498 3184 2515 3206 ,

1473 3214 1775 3273 Wendelinus
1789 3258 1804 3278 ,
1840 3214 2157 3288 Lansbergius
2172 3257 2187 3278 ‚
2201 3217 2449 3278 Rhe-iolas,
2458 3221 2511 3272 δε

1471 3293 1557 3348 alii
1577 3288 1893 3365 complures.

1544 3363 1650 3420 Sed
1671 3363 1995 3419 Aristarchus
2021 3368 2075 3418 in
2099 3361 2278 3418 libello
2291 3361 2357 3417 de
2373 3363 2509 3417 Solis

1473 3442 1525 3493 ὃ(
1536 3440 1700 3493 Lunae
1713 3435 1963 3492 distantiis
1976 3455 2034 3490 ac
2051 3434 2508 3509 magnitudinibus,

1470 3511 1756 3586 prudenter
1766 3528 1876 3565 non
1888 3509 2034 3565 ausus
2045 3506 2147 3565 fuit
2166 3525 2251 3562 eas
2265 3507 2499 3570 definire,

1473 3583 1653 3643 verum
1686 3585 1844 3640 satius
1875 3581 2025 3638 duxit
2061 3586 2195 3636 inter
2243 3597 2507 3638 extremos

1472 3657 1725 3734 quosdam
1742 3661 1997 3712 terminos
2017 3653 2348 3709 concludere.
2369 3657 2511 3710 Sicut
2571 3675 2751 3727 nstantia

1469 3738 1625 3787 etiam
1640 3730 1829 3786 merito
1840 3727 2304 3803 fatendum,neque
2318 3728 2506 3784 distan-
2532 3741 2576 3764 ’τ’
2586 3730 2727 3786 Μηνὶ·

1470 3812 1569 3860 tias
1603 3823 1776 3880 neque
1812 3801 2199 3877 magnitudines
2225 3842 2239 3862 ‚
2274 3799 2504 3876 perfecie
2516 3780 2750 3880 2⁸2³}ssss

1475 3878 1625 3933 nobis
1646 3875 1953 3932 mortalibus
1979 3892 2129 3930 notas
2153 3872 2256 3930 effe
2281 3900 2294 3929 ε
2335 3875 2709 3949 Qa‚fiae÷n0⁶.·,

1474 3950 1564 4008 etsi
1585 3954 1751 4007 Lunae
1775 3949 2015 4005 distantia
2038 3968 2098 4004 ac
2113 3947 2421 4023 magnitudo
2435 3967 2501 4003 ex
2523 3933 2674 4020 :xlm

1474 4026 1716 4100 parallaxi
1740 4028 1792 4079 δε
1817 4022 2073 4078 diametro
2098 4026 2370 4095 apparenti
2397 4039 2504 4076 cer-

1474 4104 1577 4153 tius
1589 4097 1852 4158 constent,
1866 4094 2000 4150 Solis
2019 4112 2195 4148 tamen
2210 4113 2268 4149 ac
2280 4092 2505 4170 reliquo-

1473 4190 1588 4227 rum
1611 4169 1939 4224 Planetarum
1964 4166 2249 4240 parallaxes
2276 4209 2289 4228 ‚
2327 4167 2505 4222 conse-

1369 4249 1379 4256 ‘
1408 4276 1421 4284 ·
1472 4260 1691 4318 quenter
1705 4248 1861 4298 etiam
1885 4239 2138 4296 distanriae
2152 4239 2293 4297 haud
2314 4247 2384 4296 ita
2398 4259 2504 4294 cer-

1975 4317 2095 4369 D2
2447 4312 2504 4366 τὸ
