3068 4718
359 833 541 879 Refhlutio-

326 898 384 923 aes
400 886 535 937 objeffo-

326 950 416 976 rum.

342 3298 501 3335 artiones

317 3360 434 3387 :tantm
446 3349 518 3387 nl-

315 3400 398 3438 lun's
406 3403 534 3450 gravi-

316 3462 437 3492 ?ntem.
451 3452 497 3499 <¹:3⁸

312 3505 463 3554 [guidem.

348 3626 361 3649 ῐ
369 3640 376 3648 .
398 3614 435 3648 s:
446 3614 532 3650 oria«

314 3672 375 3698 tur
384 3677 426 3699 ex
438 3663 521 3708 inli-

318 3743 319 3746 ,
332 3728 354 3752 11-
366 3726 507 3755 natura.

599 217 699 264 170

589 299 652 360 ξς·
688 295 970 371 unifhrmem
997 333 1014 359 ‚
1057 290 1206 369 quod
1239 309 1419 349 tamen
1453 308 1636 351 contra

585 372 977 445 experientiam.
1051 389 1091 436 3.
1107 370 1289 423 Putat:
1311 363 1522 441 lapi-dem
1539 383 1635 441 per

568 448 797 518 ftramen
818 440 1019 516 aliquod
1033 456 1249 496 centrum
1275 451 1440 495 Terrae
1459 445 1632 510 versus

582 518 832 588 demiffiem
859 560 873 580 ‚
921 515 1078 571 adhuc
1127 513 1477 570 mirabiliorem
1557 536 1631 568 ro-

572 608 690 668 pter
728 597 893 647 strrae
928 595 1402 666 circumgyrationem
1439 591 1501 643 ha
1533 595 1633 643 itu-

579 688 690 721 rum
717 682 896 721 motum
921 706 935 728 ‚
975 666 1073 726 &a
1112 665 1244 738 Erga
1265 684 1355 718 non
1371 662 1634 736 poffefieri

579 756 636 795 ut
661 745 815 796 Terra
835 753 1103 793 moveatur.

652 820 850 871 Verum
889 818 1032 868 enim
1067 812 1193 870 vero
1230 830 1340 867 non
1381 828 1520 886 opus
1556 810 1634 866 est

577 888 671 945 has
694 893 747 943 &
785 886 975 943 similes
998 891 1405 961 imaginationes
1442 884 1634 942 refuta-

578 982 663 1025 τες
699 982 819 1019 cum
857 959 980 1018 satis
1018 960 1226 1017 constet
1260 979 1326 1016 ex
1352 958 1633 1037 praeceden-

577 1044 623 1091 ti
656 1055 756 1113 cap.
802 1059 904 1100 12,
953 1054 1128 1093 aerem
1173 1041 1355 1092 omnia
1409 1035 1632 1108 ejusmo-

575 1110 630 1166 di
682 1110 883 1166 miffilia
927 1111 1100 1168 secum
1153 1129 1332 1187 rapere
1382 1108 1630 1187 proinde-

574 1205 678 1259 que
702 1200 937 1242 naturam
977 1193 1029 1243 in
1069 1186 1173 1241 hoc
1211 1205 1323 1242 non
1362 1196 1442 1241 uti
1480 1201 1632 1241 motu

573 1261 802 1330 (latione)
840 1261 1098 1324 circulari,
1134 1259 1222 1316 sed
1257 1258 1379 1317 vere
1405 1277 1630 1334 perpen-

576 1334 805 1389 diculari.
868 1335 1080 1409 Insuper
1117 1339 1306 1390 Motus
1343 1336 1452 1406 (seu
1466 1340 1629 1410 potius

576 1415 713 1461 Latio
741 1450 756 1471 ,
784 1405 847 1461 de
869 1411 961 1481 qud
999 1425 1095 1484 cap.
1128 1410 1238 1479 16.)
1272 1407 1507 1483 Spiralis‚
1532 1416 1632 1466 Ar-

575 1484 735 1537 cualis
756 1523 770 1543 ‚
799 1480 1079 1539 Circularis
1095 1526 1108 1545 ,
1135 1487 1233 1537 &c.
1259 1501 1443 1539 contra
1466 1482 1630 1539 Natu-

576 1574 684 1610 ram
707 1574 817 1610 non
848 1556 950 1620 est,
980 1563 1057 1613 uti
1087 1566 1386 1631 experimur
1408 1564 1464 1612 in
1477 1556 1630 1613 Nivis

574 1633 627 1683 &
666 1629 856 1687 Pluviae
903 1629 1123 1705 guttulis
1150 1673 1165 1695 ,
1210 1651 1334 1706 quae·
1363 1631 1478 1687 raro
1516 1649 1630 1705 per-

572 1702 982 1777 pendiculariter
1032 1703 1228 1761 cadunt
1281 1749 1296 1769 ,
1357 1703 1487 1761 ficut
1529 1724 1629 1761 nec

576 1777 814 1833 Grande.

645 1853 813 1907 Porro
836 1851 982 1928 quod
1003 1858 1190 1910 attinet
1227 1855 1503 1920 Aristotelis
1530 1851 1626 1928 hy-

569 1924 846 2002 pothesm,
883 1931 1082 1983 Terram
1108 1933 1361 1984 nimirum
1399 1929 1488 2000 effe
1527 1948 1627 1983 cor-

563 2019 659 2077 pus
677 2020 831 2075 grave
854 2044 868 2064 ,
909 2003 970 2063 ξς
1007 2009 1165 2056 omnia
1187 2008 1369 2078 gravia
1392 2043 1408 2064 ,
1453 2000 1625 2057 ubiubi

567 2081 719 2130 etiam
750 2074 856 2145 fint
885 2117 898 2138 ‚
950 2074 1024 2129 ad
1061 2090 1279 2130 centrum
1327 2075 1519 2131 Mundi
1556 2094 1623 2130 ex

565 2150 784 2204 naturali
827 2150 1062 2224 qualitate
1100 2148 1304 2205 tendere
1341 2153 1437 2205 &c.
1491 2167 1623 2205 nun-

1172 196 1518 252 Lrnssk
1592 191 2153 266 QU1NTus,

1691 307 1786 366 per
1810 289 1959 368 quod
1990 290 2228 348 medium
2262 290 2347 350 vel
2370 290 2738 366 adjumentum

1690 367 1825 441 lapis
1849 363 2004 441 poffit
2039 364 2146 421 hoc
2182 370 2373 443 ingens
2406 375 2507 425 iter
2541 370 2745 426 institu-

1693 460 1778 496 ere
1814 444 1868 495 &
1902 445 2039 496 vires
2070 439 2275 497 sumere
2308 456 2480 499 tantas
2520 442 2588 499 ad
2622 462 2743 499 cen-

1692 530 1830 570 trum
1861 512 2221 575 descendere?
2258 518 2422 573 Porro
2471 523 2748 593 quaeritur,

1691 585 1729 642 fi
1741 594 1860 664 quis
1870 586 1996 644 effet
2007 595 2062 644 in
2078 587 2232 652 stella,
2245 589 2393 644 verbi
2412 613 2493 664 gr.
2523 611 2639 668 quae
2655 610 2745 649 vo-

1693 679 1835 720 catur
1861 666 2027 720 Canis
2051 669 2219 734 major
2246 661 2373 734 (ubi
2409 682 2629 743 propter
2665 680 2748 722 tot

1693 736 1990 811 myriadum
2063 738 2364 794 milliarium
2416 739 2749 803 distantiam,

1693 809 1878 869 Tellus
1890 811 1998 870 haec
2010 812 2235 868 omnino
2246 831 2358 870 non
2375 812 2538 869 videri
2549 814 2740 891 potest,

1695 888 1748 938 &
1772 885 1985 961 quidem
2002 893 2055 943 in
2079 886 2238 944 altera
2260 902 2409 962 parte
2427 886 2586 957 stellae
2597 907 2742 945 aver·

1690 957 1769 1021 fi,
1808 975 1865 1016 ut
1893 966 1965 1017 ita
1977 961 2197 1019 nesciret
2220 964 2313 1018 ubi
2325 961 2436 1018 haec
2458 962 2639 1018 Tellus
2663 960 2742 1024 fit,

1692 1052 1759 1089 an
1785 1033 1935 1110 supra
1961 1036 2048 1093 vel
2079 1035 2216 1094 infra
2235 1080 2249 1100 ,
2287 1035 2624 1093 dextrorsum
2657 1038 2744 1094 vel

1691 1106 2055 1176 sinistrorsum)
2079 1116 2129 1167 δε
2155 1111 2448 1169 dimitteret
2469 1110 2746 1186 lapidem&

1691 1201 1876 1240 manu:
1905 1185 1992 1240 ubi
2016 1184 2100 1241 ille
2127 1186 2393 1243 mansurus
2414 1185 2510 1243 sit?
2539 1193 2624 1241 An
2646 1186 2745 1243 ssa-

1690 1273 1836 1315 turus
1858 1264 1912 1315 in
1937 1258 2128 1316 aethere
2155 1259 2373 1316 firmiter
2399 1273 2416 1314 2
2444 1259 2530 1316 vel
2555 1279 2621 1316 an
2645 1279 2745 1336 per

1690 1330 1836 1388 istam
1870 1335 2077 1390 Stellam
2119 1335 2256 1390 resta
2288 1353 2527 1392 centrum
2564 1334 2747 1393 versus

1690 1407 1887 1464 Mundi
1910 1409 2077 1485 (quod
2099 1407 2170 1465 ibi
2195 1408 2413 1486 quidem
2440 1428 2554 1465 non
2577 1408 2749 1466 videri

1689 1501 1785 1539 nec
1819 1482 1930 1539 sciri
1956 1484 2131 1559 potest
2154 1486 2337 1541 ubiubi
2361 1482 2445 1555 fit)
2471 1481 2744 1540 descensu-

1690 1562 1805 1612 rus?
1843 1565 1930 1614 An
1957 1559 2048 1614 iste
2077 1559 2207 1634 lapis
2226 1558 2551 1633 superficiem
2569 1556 2741 1614 Stellae

1690 1631 1916 1688 aversam
1930 1633 2360 1689 circumcursurus
2373 1631 2436 1688 sit
2449 1674 2463 1694 ,
2490 1631 2662 1687 donec
2672 1629 2742 1686 ad

1682 1704 1819 1761 latus
1852 1703 2025 1760 Stellae
2059 1709 2330 1779 perveniat
2354 1748 2367 1767 ,
2405 1711 2458 1760 ὃς
2499 1722 2628 1760 tunc
2651 1704 2742 1761 de-

1687 1797 1834 1834 mum
1847 1784 1945 1835 iter
1957 1779 2106 1835 suum
2118 1778 2186 1835 ad
2197 1778 2454 1838 invisibile
2479 1795 2739 1843 centrum,

1683 1852 1951 1909 aditurus?

1758 1947 1808 1980 2.
1846 1928 1903 1984 Si
1949 1933 2146 1985 oriatur
2184 1946 2252 1984 ex
2290 1928 2740 1985 circumstantium
2796 1964 2831 1992 2.
2851 1954 2992 1995 suna.

1681 2007 2014 2058 materiarum
2049 2010 2396 2077 promotione
2418 2004 2520 2074 (uti
2545 2024 2627 2060 ex.
2656 2026 2735 2080 gr.
2916 2008 2962 2040 '-

1680 2075 1924 2132 videmus
1960 2095 2150 2151 aquam
2198 2117 2213 2137 ,
2271 2075 2438 2132 bullas
2467 2119 2482 2141 ,
2533 2077 2741 2135 inflatas
2762 2056 2873 2147 12¹5„st
2864 2070 2980 2148 ,224

1678 2147 1896 2211 veficas‚
1931 2148 2138 2224 ligna&
2154 2153 2336 2204 omnia
2358 2148 2589 2217 leviora,
2627 2152 2737 2228 pel·
2761 2161 2990 2214 rimmpm

602 2243 725 2282 uam
759 2225 1042 2300 probatum
1066 2225 1151 2281 vel
1189 2223 1621 2284 demonstratum,
1675 2226 1782 2279 lere
1820 2223 2015 2279 sursum
2042 2248 2058 2288 3
2095 2239 2250 2299 atque
2274 2222 2342 2278 fic
2364 2233 2639 2282 materiam
2678 2226 2738 2283 il·
2763 2214 2924 2253 ''¹⁰⁶⁰'‘

563 2244 655 2354 ll‘ed
707 2303 871 2374 magis
919 2313 1106 2353 contra
1150 2297 1327 2353 sanam
1364 2302 1619 2352 rationem
1677 2296 1782 2351 lam
1806 2296 2066 2352 coelestem
2091 2295 2352 2371 expellere
2375 2305 2559 2357 omnia
2579 2319 2642 2357 ea
2665 2300 2735 2359 ad

565 2377 802 2430 &veram
819 2371 1222 2427 Mundanorum
1248 2389 1528 2447 corporum
1541 2377 1622 2426 in-

1674 2370 1823 2425 suum
1835 2376 2108 2444 proprium
2124 2370 2328 2439 locum)
2342 2373 2572 2446 sequitur
2585 2376 2733 2449 quod

565 2460 646 2501 ter
682 2444 786 2501 sese
824 2442 1218 2523 dispositionem
1253 2444 1338 2503 vel
1373 2442 1619 2500 ordinem
1679 2448 1895 2500 materia
1930 2442 2149 2500 coelestis
2168 2440 2230 2499 fit
2251 2450 2461 2519 gravior
2480 2446 2579 2502 isto
2602 2451 2736 2523 lapi-

565 2519 818 2650 estl’ofito
853 2610 1031 2651 autem
1069 2591 1218 2670 quod
1253 2610 1374 2651 vera
1408 2590 1471 2647 fit
1504 2596 1622 2647 Ari-

1680 2517 1748 2575 de
1762 2560 1775 2580 ‚
1804 2522 1857 2574 &
1872 2519 2019 2594 quod
2038 2525 2216 2576 omnis
2236 2525 2459 2595 gravitas
2478 2527 2534 2578 in
2548 2518 2632 2581 his
2654 2528 2737 2579 in-

1680 2589 1962 2650 ferioribus
1983 2592 2044 2649 sit
2066 2595 2248 2652 levitas
2268 2636 2283 2656 ‚
2318 2592 2424 2651 hoc
2450 2595 2526 2651 est
2553 2594 2735 2654 dicen-

565 2668 802 2726 stotelica
814 2668 897 2725 illa
922 2664 1249 2744 Hypothefis
1273 2691 1287 2722 ε
1326 2667 1486 2723 Tunc
1509 2665 1620 2721 haec
1679 2665 1838 2723 dum:
1862 2668 2006 2743 quod
2024 2686 2214 2724 omnes
2225 2687 2305 2725 res
2328 2689 2446 2745 quae
2469 2671 2627 2730 nobis
2652 2677 2731 2731 vi-

563 2745 788 2821 qualitas
813 2742 990 2800 existit
1015 2786 1029 2806 ,
1065 2760 1156 2798 aut
1182 2761 1249 2798 ex
1286 2741 1509 2798 naturali
1531 2760 1619 2796 c-u·

562 2821 720 2889 jusvis
756 2823 995 2892 corporis
1044 2814 1195 2873 insita
1229 2820 1426 2874 virtute
1463 2839 1479 2880 ;
1526 2833 1618 2871 aut

561 2911 630 2949 ex
658 2891 1104 2949 circumstantium
1132 2896 1466 2948 materiarum
1493 2907 1615 2964 pro-

561 2973 804 3023 motione
841 2988 857 3030 ;
908 2984 998 3023 aut
1051 2985 1119 3022 ex
1155 2982 1340 3022 centro
1392 2963 1613 3027 Mundi,

561 3041 713 3118 quod
766 3040 1034 3098 Tellurem
1086 3039 1188 3096 else
1236 3040 1419 3097 dicunt
1455 3082 1469 3103 ,
1516 3037 1614 3095 fin-

559 3117 728 3191 gulari
780 3113 1025 3172 facultate
1069 3115 1159 3171 seu
1205 3123 1400 3173 virtute
1458 3129 1608 3171 attra-

560 3189 741 3246 hendi.

640 3287 691 3318 ι.
729 3264 784 3320 Si
811 3274 1004 3320 oriatur
1040 3283 1107 3318 ex
1132 3268 1365 3336 cujusvis
1402 3267 1474 3317 rei
1498 3259 1608 3317 infi-

563 3339 615 3393 τὲ
634 3340 816 3394 natura
853 3342 905 3392 Sc
932 3356 995 3411 ap
1036 3342 1166 3392 etitu
1201 3332 1398 3392 effendi
1424 3343 1477 3391 in
1514 3335 1607 3391 suo

562 3413 683 3469 loco
724 3452 738 3474 ,
794 3422 977 3486 Exemp
1000 3417 1019 3464 ι’
1046 3413 1216 3488 gratia
1239 3451 1253 3469 ‚
1291 3409 1441 3485 quod
1477 3413 1609 3484 lapis

562 3488 677 3564 (qui
701 3491 756 3542 in
784 3487 930 3543 stella
952 3484 1150 3560 aliqua,
1172 3483 1254 3542 vel
1276 3483 1423 3560 supra
1442 3489 1498 3540 in
1526 3484 1604 3540 ul-

561 3569 694 3617 timo
743 3567 944 3618 circiter
994 3556 1190 3615 Mundi
1235 3557 1471 3613 confinio
1510 3557 1602 3630 fit)

560 3635 747 3691 habeat
782 3635 941 3692 talem
982 3651 1215 3691 naturam
1254 3630 1601 3688 descendendi

562 3708 802 3765 deorsum
849 3709 917 3767 ad
979 3710 1197 3766 Terram
1237 3729 1251 3760 :
1298 3707 1602 3784 Qaeritur:

600 3783 837 3840 uomodo
864 3783 1098 3859 posfibile
1121 3781 1181 3838 fit
1209 3823 1222 3846 ‚
1261 3786 1315 3836 in
1336 3780 1510 3856 lapide
1535 3781 1604 3837 es-

561 3804 611 3912 pe
649 3874 887 3915 naturam
923 3858 1084 3921 hanc,
1129 3854 1480 3918 intellectum,
1516 3855 1606 3912 seu

600 3933 864 3989 ualitatem
890 3950 980 3990 aut
1004 3942 1276 3992 virtutem,
1314 3927 1605 3987 defideran-

561 3952 615 4061 di
640 4010 722 4064 vel
747 4008 1029 4082 appetendi
1054 4051 1068 4070 ,
1110 4024 1349 4062 centrum
1386 4005 1609 4067 Mundi,

559 4079 681 4137 cum
732 4102 826 4156 per
872 4097 953 4138 tot
1000 4079 1261 4157 myriadas
1315 4078 1608 4135 milliarium

561 4153 1113 4230 incomprehensibiles
1161 4199 1174 4217 ‚

1678 2740 2083 2818 denturgraveS,
2121 2740 2222 2799 sint
2242 2742 2444 2800 summe
2458 2746 2633 2811 leves,
2675 2752 2729 2803 δε

1673 2818 1891 2872 naturali
1926 2818 2097 2893 aliqua
2133 2822 2223 2878 vi,
2268 2824 2522 2892 gravitate
2558 2836 2725 2876 mate-

1668 2896 1757 2947 riae
1790 2888 2011 2946 coelestis
2037 2934 2051 2953 ‚
2088 2890 2410 2966 expellantur
2434 2890 2503 2948 ad
2518 2894 2724 2969 ignobi-

1667 2966 1855 3020 liorem
1891 2964 2072 3020 locum
2099 3007 2113 3028 ,
2151 2983 2311 3039 quem
2337 2963 2564 3024 dicimus
2598 2987 2724 3025 een·

1667 3055 1804 3094 trum
1828 3037 2042 3094 Mundi.
2085 3040 2138 3094 Si
2158 3044 2334 3115 itaque
2358 3038 2465 3096 hoc
2491 3040 2660 3098 modo
2690 3043 2723 3099 ὲ

1664 3112 2016 3168 circumstanti
2055 3123 2270 3171 materia
2295 3155 2312 3179 ‚
2343 3114 2479 3189 lapis
2500 3114 2722 3192 pellere·

1664 3203 1745 3242 tur
1783 3185 1944 3262 usque
1979 3186 2047 3243 ad
2084 3189 2303 3245 Terram
2321 3229 2338 3252 ,
2386 3190 2553 3247 Terra
2590 3187 2717 3248 esset

1663 3267 1908 3317 omnium
1942 3262 2252 3320 leviffimum
2290 3280 2523 3338 corpus;
2569 3263 2717 3341 quod

1662 3353 1841 3392 tamen
1868 3336 2250 3394 contradicunt.

1743 3433 1786 3479 3.
1835 3410 1891 3466 Si
1930 3417 2206 3485 proveniat
2246 3411 2277 3467 ὲ
2313 3410 2552 3488 singulari
2590 3431 2713 3489 qua·
2744 3440 2961 3502 &seprovo-

1662 3482 1784 3539 dam
1822 3482 2066 3542 facultate
2115 3486 2203 3542 seu
2253 3487 2503 3563 qualitate
2548 3492 2711 3543 centri
2739 3491 2965 3544 „rasaqu-

1661 3558 1861 3616 Mundi
1891 3603 1903 3623 ‚
1938 3560 2084 3635 quod
2117 3561 2310 3617 scilicet
2342 3566 2523 3617 omnia
2559 3575 2712 3617 attra-
2736 3542 2946 3634 ffiffiss’

1659 3631 1751 3690 hat
1776 3657 1792 3697 ς
1829 3631 2031 3690 neceffe
2058 3635 2132 3690 est
2159 3652 2219 3692 ut
2243 3635 2439 3710 aliquid
2476 3633 2613 3690 reale
2647 3634 2711 3693 fit

1657 3707 1788 3763 illud
1837 3707 2036 3764 Mundi
2084 3725 2335 3765 centrum.
2402 3713 2553 3764 Dicis
2603 3709 2708 3768 effe

1659 3782 1924 3838 Tellurem
1953 3808 1968 3847 ;
2005 3791 2248 3859 quaeritur
2284 3808 2327 3838 1.
2370 3802 2530 3858 quare
2579 3785 2705 3841 Tel-

1655 3856 1753 3912 luri
1823 3856 1978 3913 talem
2038 3855 2336 3914 facultatem
2398 3859 2484 3913 seu
2548 3865 2706 3916 virtu-

1660 3946 1770 3987 tem
1808 3932 2030 3989 velimus
2069 3931 2140 3987 ob
2177 3951 2288 3986 eam
2321 3930 2525 3987 causam
2562 3939 2707 3990 attri-

1661 4004 1821 4061 buere
1846 4005 1993 4080 quod
2031 4024 2268 4061 centrum
2291 4003 2353 4061 fit
2378 4006 2603 4068 Mundi,
2643 4028 2708 4064 an

1663 4099 1770 4135 non
1799 4085 1975 4154 potius
2011 4081 2091 4134 isti
2115 4085 2316 4154 corpori
2348 4099 2444 4155 per
2467 4080 2520 4135 se
2546 4122 2559 4142 ‚
2596 4081 2708 4136 haec

1234 4152 1366 4223 (ubi
1425 4153 1608 4210 Tellus
1665 4160 1825 4210 virtus
1863 4151 2190 4209 attribuenda
2217 4195 2229 4215 ,
2267 4151 2373 4211 sive
2417 4153 2479 4210 fit
2504 4165 2555 4209 in
2588 4175 2703 4210 cen-

563 4245 675 4283 non
699 4246 759 4283 ut
786 4230 1040 4301 pun&um
1061 4228 1395 4297 aestimanda)
1423 4225 1610 4283 distet?
1662 4243 1745 4283 tro
1784 4230 1864 4285 vel
1906 4246 2048 4282 extra
2082 4234 2366 4284 centrum?
2405 4229 2542 4283 Nam
2580 4248 2701 4283 cen-

565 4300 770 4358 Deinde
792 4310 1058 4375 quaeritur,
1083 4309 1232 4375 cujus
1254 4299 1513 4358 beneficio
1529 4301 1615 4358 seu
1660 4317 1797 4359 trum
1834 4300 2026 4357 Mundi
2052 4306 2173 4376 quia
2207 4319 2303 4377 per
2326 4303 2377 4360 se
2411 4302 2543 4359 nihil
2563 4303 2701 4357 reale

2572 4373 2703 4449 quid
