3068 4718
553 249 652 314 238
1106 242 2104 304 LrnnRSEPT1MUs,

633 341 752 398 suos
775 339 1024 415 perficere
1047 338 1191 415 posse
1210 347 1448 415 proprios
1472 356 1584 394 mo·
1722 357 1914 414 nempe
1938 338 2114 394 Sidera
2138 355 2363 413 quorum
2390 355 2497 394 non
2512 337 2586 396 est
2599 357 2691 395 nu0

633 429 743 478 ωε,
779 429 913 469 utne
927 412 1088 470 hilum
1102 413 1365 474 aberrent,
1390 411 1590 467 constat
1721 429 1916 474 merus,
1946 430 2170 486 quorum
2197 411 2554 469 distantiarum
2578 412 2690 468 nul-

631 503 759 560 cap.1
777 485 1105 541 r.lib.6.Num
1122 492 1292 560 itaque
1304 488 1449 540 Deus
1460 501 1591 557 opus
1720 483 1801 540 lus
1827 484 2135 540 indicandus
2174 483 2320 546 finis,
2394 505 2580 541 uorum
2602 504 2690 541 va-

631 555 819 614 habeat
832 575 911 613 tot
940 558 1260 633 myriadibus
1289 557 1555 631 spirituum
1579 596 1594 619 ,
1719 557 1916 612 stitates
1939 574 2050 612 non
2072 556 2191 612 sunt
2215 557 2367 613 deseri
2408 557 2579 615 cndae:
2611 565 2689 614 ni·

631 631 698 687 ad
719 647 800 688 tot
813 632 968 687 millia
990 632 1384 687 Mundanorum
1406 645 1588 704 corpo·
1717 629 2003 686 hilominus
2041 646 2214 686 tamen
2252 638 2428 687 omnia
2455 652 2521 699 24
2547 631 2691 686 horis

633 723 772 767 tum,
813 703 1030 771 24horis
1042 710 1173 760 circa
1188 703 1326 758 hunc
1353 702 1587 758 nostrum
1714 710 1845 760 circa
1873 704 2011 758 hunc
2038 720 2300 758 terrenum
2330 705 2563 759 nostrum
2579 703 2689 779 glo·

631 786 845 833 unicum
869 775 1080 851 globum
1106 778 1231 851 (qui
1252 793 1408 832 tantae
1420 773 1590 829 multi·
1715 775 1890 831 bulum
1907 778 2020 851 (qui
2045 791 2220 832 tamen
2237 776 2474 852 ipsemet,
2506 778 2684 851 perfui

633 849 803 904 tudini
828 851 1184 905 &lucentium
1213 853 1264 903 &
1303 866 1587 923 opacorum
1717 846 1873 920 ipsius
1897 855 2408 906 circumrotationem
2433 848 2570 905 facili
2591 869 2684 905 ne-

624 921 895 995 globorum
912 938 1237 997 comparatus
1258 964 1272 984 ‚
1300 940 1368 976 ne
1383 925 1586 974 minimi
1716 926 1862 994 gotio
1896 941 2055 977 omne
2091 922 2145 978 id
2196 923 2435 978 obtinete
2457 922 2680 995 potest)

630 997 858 1070 pulveris
880 1013 1097 1069 granum
1125 994 1447 1070 repraesentat
1461 995 1483 1062 )
1495 998 1586 1047 cir·
1719 993 1968 1048 continue
1983 999 2034 1049 δε
2044 996 2254 1070 quidem
2267 1011 2374 1051 tam
2389 993 2571 1052 vesane
2583 1035 2595 1057 ‚
2609 1002 2683 1050 ita

630 1067 995 1124 cumferenda?
1019 1075 1174 1125 Anne
1186 1075 1363 1141 potius
1375 1065 1481 1141 ipse
1493 1081 1587 1119 no·
1718 1070 1922 1140 agitari,
1945 1084 2002 1120 ut
2026 1075 2180 1124 etiam
2209 1068 2452 1126 inferiora
2474 1067 2564 1123 seu
2587 1085 2682 1123 no-

630 1140 730 1196 ster
740 1139 927 1216 globus
953 1157 1155 1196 motum
1171 1140 1309 1196 hunc
1322 1184 1337 1207 ,
1366 1159 1432 1206 24
1447 1137 1588 1193 horis
1717 1137 1796 1195 bis
1808 1144 2150 1214 proximiora,
2171 1140 2407 1217 quolibet
2421 1140 2527 1196 istu
2545 1140 2684 1196 oculi

624 1217 776 1269 unica
806 1213 985 1269 saltem
1027 1216 1233 1289 propria
1289 1214 1461 1269 animai
1504 1211 1586 1267 vel
1715 1210 2004 1282 (secundum
2041 1215 2295 1268 Ricciolum
2331 1221 2383 1269 in
2422 1216 2686 1288 Almagesto

625 1286 962 1359 intelligentia
972 1286 1126 1359 poffit
1145 1285 1386 1359 perficere
1415 1310 1427 1340 ι
1460 1283 1588 1338 nihi·
1700 1289 1793 1360 fhl.
1810 1305 1871 1353 41
1885 1290 1956 1351 9.)
1977 1308 1998 1340 1
2012 1306 2079 1351 52
2104 1286 2602 1350 semidiam.Terrae‚
2624 1286 2683 1343 id

621 1360 961 1432 lominusque
974 1374 1152 1412 caetera
1165 1358 1411 1420 Astra‚ad
1426 1354 1588 1414 effici·
1715 1358 1791 1414 est
1811 1382 1832 1413 1
1850 1379 1907 1427 30
1923 1380 2024 1423 720
2033 1360 2266 1415 milliaria
2275 1366 2563 1436 germanica
2613 1378 2686 1415 er·

624 1429 818 1487 endum
831 1429 1198 1504 propriossuos
1208 1446 1386 1487 motus
1402 1429 1500 1486 effe
1516 1434 1591 1482 in·
1715 1430 1905 1487 ficiant.
1960 1432 2111 1506 Qid
2148 1432 2384 1491 dicemus
2407 1433 2474 1489 de
2512 1432 2578 1488 ad
2619 1452 2685 1487 uc

624 1503 848 1559 structa?
868 1503 978 1561 aliis
1015 1502 1405 1576 dijudicandum
1439 1505 1585 1560 relin-
1715 1503 1873 1579 longe
1909 1505 2290 1563 vehementiori
2325 1523 2477 1566 motu
2513 1504 2682 1562 stella·

628 1595 862 1653 quemus.
1711 1596 1827 1633 rum
1843 1619 1857 1642 ,
1877 1584 2072 1635 centies
2100 1584 2360 1637 &centies
2384 1580 2414 1634 a
2439 1578 2592 1636 nobis
2605 1598 2685 1634 re-

631 1688 715 1742 Νη
733 1688 930 1763 Xnop·
959 1699 1075 1758 356·
1114 1688 1224 1743 TH
1242 1700 1275 1742 E
1293 1700 1332 1742 0
1351 1701 1406 1741 D.
1435 1688 1586 1741 smel·
1713 1666 1975 1706 motarum
1994 1693 2032 1740 ,η
2053 1672 2168 1740 quae
2194 1654 2297 1709 hoc
2314 1652 2480 1742 modo
2503 1653 2687 1710 millies

307 1724 533 1816 §5:232an
558 1759 654 1837 ligo
681 1762 839 1816 cunc‘la
854 1803 870 1825 ,
906 1763 965 1824 ξς
989 1765 1194 1816 rationis
1216 1763 1387 1815 lumtm·
1414 1758 1584 1837 consor.
1715 1727 1768 1778 &
1782 1723 1951 1780 adhuc.
1964 1723 2149 1782 millies
2170 1727 2458 1783 velociores
2481 1743 2685 1783 currere

310 1832 509 1919 3322?-
557 1841 655 1890 mia
667 1840 851 1911 reperio
863 1876 876 1895 ‚
875 1832 978 1903 sed
993 1837 1269 1890 velocitatis
1294 1839 1587 1889 vehementi-

308 1943 389 1969 rum
413 1932 483 1968 cir-
558 1929 634 1963 am
644 1929 734 1962 non
747 1909 968 1980 intelligo
978 1932 997 1967 ;
1019 1909 1289 1976 Praesertim
1305 1906 1586 1974 earumstel-

306 1980 520 2021 ⁶um1⁶¹⁸¹⁰²¹‘·
558 1982 737 2042 larum,
762 1999 863 2053 quae
873 1979 1124 2047 immense,
1148 1982 1471 2056 majorificpra
1481 1987 1587 2056 pri-

559 2073 660 2108 mas
689 2058 1003 2107 Firmamenti
1018 2051 1184 2119 stellas
1210 2055 1474 2108 intervallo
1497 2050 1587 2122 dis

544 2127 792 2198 fitaefimt.
832 2124 880 2178 C
898 2138 936 2179 Ο
957 2139 985 2179 s
1004 2139 1069 2178 M.
1108 2128 1221 2179 Tam
1237 2126 1384 2201 facile
1405 2126 1471 2190 est
1482 2135 1586 2179 Deo

547 2217 641 2273 per
653 2200 856 2275 Angelos
867 2199 984 2267 suos
996 2195 1427 2266 administratorios
1443 2201 1589 2272 spiri-

554 2286 637 2326 tus
658 2314 672 2333 ,
706 2270 870 2344 globos
894 2273 1023 2339 hosce
1048 2290 1118 2335 24
1140 2273 1362 2324 horarum
1382 2285 1590 2343 tempore

554 2350 872 2418 circumagere
884 2383 897 2404 ‚
921 2343 1209 2415 quamfacile
1221 2342 1441 2417 mihifuit
1460 2384 1473 2404 ,
1492 2357 1591 2397 tam

553 2423 641 2471 exi
673 2422 724 2469 ui
733 2420 958 2489 temporis
955 2414 1118 2488 spatio
1133 2455 1148 2476 ,
1172 2428 1221 2468 te
1246 2434 1312 2469 ex
1326 2417 1595 2469 Caniculari

546 2439 686 2559 stella
699 2495 750 2542 in
766 2489 982 2542 Polarem
998 2482 1242 2541 deducere.
1283 2493 1334 2540 Si
1352 2493 1479 2541 enim
1501 2509 1593 2542 mo·

554 2564 675 2616 laris
687 2562 809 2635 lapis
821 2567 873 2615 in
887 2565 1256 2614 Firmamentum
1278 2558 1506 2616 abduc‘lus
1533 2564 1593 2625 ὅς’

553 2641 606 2689 in
620 2648 800 2688 tertam
816 2633 1033 2702 demtffus
1046 2675 1060 2695 ,
1080 2638 1132 2686 in
1140 2638 1303 2707 spatio
1314 2648 1472 2688 tamen
1486 2650 1592 2690 tan·
1719 2672 1899 2730 vestus
1907 2671 1968 2730 fit
1978 2671 2009 2727 e
2071 2676 2314 2733 aniculam
2338 2675 2477 2733 stella
2488 2675 2555 2732 ad
2582 2680 2682 2734 Po·

554 2723 605 2762 to
617 2707 887 2762 'emetienda
896 2728 984 2760 non
1004 2706 1095 2770 nifi
1114 2719 1145 2761 6
1161 2709 1303 2761 horas
1317 2749 1330 2769 ,
1356 2723 1410 2762 ut
1435 2711 1591 2763 Schei-
1716 2744 1873 2801 larem
1941 2745 2068 2803 ficut
2081 2746 2135 2803 id
2147 2747 2324 2805 fletum
2338 2748 2415 2805 est
2481 2750 2620 2807 ende

554 2799 696 2835 nerus
724 2783 784 2868 &f
811 2786 1096 2845 Merlennus
1122 2778 1332 2854 probant
1351 2822 1364 2842 ,
1403 2782 1590 2869 confice·
1716 2789 2021 2903 mddp’fiffl
2038 2819 2245 2878 videtur
2264 2823 2373 2878 haec
2416 2771 2679 2880 steuamss

555 2869 635 2907 ret
655 2877 675 2914 ‚·
697 2853 822 2940 quid
840 2853 900 2908 de
916 2853 1167 2941 stellarum
1190 2855 1281 2927 quli
1297 2870 1591 2911 concitantur
1717 2891 2076 2950 circumvoluti
2078 2911 2127 2948 0·
2176 2894 2329 2972 Qid
2353 2894 2583 2969 denique
2610 2896 2678 2955 de
2707 2941 2715 2949 ι

555 2928 707 2982 ''eh‘'
708 2941 783 2982 tat
784 2947 810 2982 θ
821 2925 1048 2982 dabam?
1711 2966 1897 3022 molari
1946 2951 2120 3041 lapide
2155 2968 2276 3037 (An
2325 2967 2420 3028 iste
2457 2968 2598 3025 horis
2615 2983 2677 3034 6,

1711 3038 2037 3097 intervallum
2087 3041 2116 3095 a
2153 3039 2308 3096 stellis
2341 3043 2476 3098 Fixis
2512 3061 2678 3119 usque

3058 4230 3068 4271 l

3060 4277 3068 4334 l

3059 4345 3068 4442 'i

3053 4454 3068 4504 „⁴

1713 1795 1986 1854 deberent?
2000 1804 2188 1874 Ecquis
2200 1797 2303 1856 ulla
2318 1805 2520 1856 ratione
2537 1817 2685 1854 com-

1711 1870 2034 1944 prehendere
2069 1873 2243 1948 potest
2267 1916 2281 1936 ,
2322 1880 2461 1930 inter
2481 1888 2683 1931 tantam

1712 1944 2063 2018 systematum
2114 1946 2517 2007 Mundanorum
2557 1965 2682 2002 con-

1712 2024 1906 2091 geriem
1935 2059 1946 2078 ,
1985 2019 2220 2075 nostrum
2239 2020 2457 2095 globum
2482 2021 2687 2078 obtine-

1711 2108 1767 2144 re
1798 2090 2029 2144 medium
2054 2094 2345 2164 punctum?
2382 2093 2521 2149 Nam
2558 2091 2597 2148 fi
2620 2099 2677 2149 in
2698 2117 2903 2171 Quam,

1709 2160 1896 2217 horum
1970 2181 2255 2239 uocunque
2282 2163 2418 2221 astro
2457 2164 2678 2223 essemus
2698 2170 2899 2233 (mm-15

1715 2235 1920 2309 (quod,
1962 2253 2069 2291 icut
2081 2238 2530 2301 Planetaeomnes,
2564 2258 2677 2296 mo·
2700 2223 2858 2315 zm

1714 2322 1826 2362 tum
1840 2307 2054 2364 haberet
2065 2315 2330 2384 vertiginis
2343 2317 2363 2377 )
2375 2318 2565 2386 pariter
2580 2330 2682 2369 nos

1719 2385 1775 2433 in
1798 2395 1978 2435 centro
2003 2378 2105 2435 effe
2125 2385 2177 2434 &
2195 2384 2392 2457 reliqua
2418 2384 2544 2440 astra
2567 2404 2682 2441 om-

1718 2456 1805 2507 nia
1819 2457 1950 2508 circa
1965 2468 2064 2508 nos
2089 2452 2227 2512 volvi
2258 2455 2566 2518 videremur.
2609 2459 2685 2514 Si·-

1720 2524 1985 2582 mileillud
2006 2526 2150 2602 quod
2163 2527 2438 2586 adducitur
2451 2572 2465 2593 ,
2492 2529 2522 2584 a
2536 2533 2685 2586 Theo-

1721 2595 1911 2654 didac‘lo
1924 2599 2032 2656 sum
2071 2614 2213 2665 tum,
2249 2601 2389 2678 quasi
2402 2619 2682 2660 momento

810 3079 863 3130 Α
877 3086 915 3127 N
947 3087 984 3127 N
1003 3085 1043 3128 Ο
1060 3085 1102 3127 T
1116 3086 1153 3128 A
1171 3086 1250 3129 TI
1268 3086 1327 3128 0'
1714 3112 1782 3168 ad
1819 3130 1919 3168 nos
1960 3120 2162 3170 emetiri
2198 3114 2420 3188 poffit?)
2455 3115 2676 3174 sentien-

555 3180 701 3236 Sicut
722 3177 1066 3237 meodidac‘lus
1086 3182 1286 3238 dubitat
1313 3180 1381 3238 de
1395 3182 1584 3240 veloci·
1715 3185 1841 3240 dum
1868 3183 1930 3241 sit
1952 3227 1967 3251 ‚
2004 3185 2232 3244 diximus
2242 3187 2383 3258 lib.4.
2401 3204 2496 3265 cap.
2506 3210 2551 3243 2.

627 3258 745 3309 tatis
758 3253 1083 3310 vehementia
1095 3255 1348 3311 stellarum
1363 3273 1378 3318 ‘3
1400 3254 1466 3312 fic
1477 3275 1585 3311 me-

628 3326 728 3382 rito
742 3325 845 3380 una
856 3346 974 3381 cum
989 3331 1067 3379 Eo
1077 3327 1273 3383 dubito.
1289 3326 1431 3391 Cum
1445 3335 1585 3385 enim
1715 3327 1804 3384 N·.
1831 3329 1934 3388 eod.
1962 3333 2099 3388 XII.
2121 3351 2186 3409 pa
2222 3375 2235 3386 .
2281 3357 2302 3404 3
2312 3354 2390 3400 57·
2428 3336 2481 3389 T
2496 3349 2542 3390 H
2556 3350 2591 3391 Ε
2606 3348 2671 3391 0-
2694 3364 2751 3398 n.
2774 3357 2922 3409 aeaeae

629 3398 867 3455 distantia
904 3398 1159 3454 stellarum
1195 3416 1336 3456 tanta
1371 3400 1433 3457 fit
1460 3444 1473 3465 ,
1526 3419 1586 3458 ut
1646 3416 1685 3457 D
1702 3417 1723 3457 1
1740 3415 1796 3456 D.
1814 3406 1913 3459 Sed
1920 3404 2140 3479 quomodo
2190 3423 2380 3463 emotus
2392 3410 2479 3463 ille
2492 3417 2671 3464 lirma-
2694 3416 2796 3451 ΝΜ
2806 3413 2896 3453 ⁰⁴2⁴·

627 3472 814 3534 etiamst
830 3478 935 3544 quis
960 3478 1138 3527 centies
1162 3475 1221 3535 ἃς
1241 3479 1418 3527 centies
1436 3475 1585 3529 altius
1644 3483 1794 3531 menti
1800 3485 2053 3553 proprius,
2089 3502 2177 3553 quo
2194 3484 2248 3550 fi:
2269 3498 2430 3537 contra
2445 3483 2672 3553 fiecceffl'o-
2694 3463 2896 3561 2²2,‘{{2s2'⁴

625 3551 818 3600 veniret
828 3587 843 3609 ,
852 3542 1056 3599 nondum
1064 3560 1219 3599 tamen
1233 3552 1587 3614 novarumsem-
1643 3569 1748 3604 nem
1761 3557 2008 3625 signorum
2020 3571 2086 3607 ex
2099 3556 2255 3624 occasu
2276 3560 2328 3609 in
2340 3570 2674 3630 ortumprove-
2693 3566 2733 3606 in
2742 3575 2872 3607 mm.

615 3635 711 3692 per
728 3620 787 3680 ἐς·
806 3639 1035 3673 novarum
1052 3618 1294 3685 steffarum
1301 3619 1424 3688 finis
1437 3623 1585 3695 fhret,
1640 3623 1747 3678 hit?
1768 3623 1817 3678 C
1832 3637 1872 3678 0
1890 3639 1917 3678 s
1935 3638 2000 3678 M.
2014 3631 2105 3680 Hic
2117 3642 2272 3682 motus
2269 3628 2339 3697 fit
2351 3629 2517 3698 helicis
2529 3629 2675 3685 lineae

626 3697 702 3744 uti
738 3690 937 3758 testatur
976 3693 1162 3745 Author
1201 3693 1454 3746 Kircherus
1470 3709 1582 3766 pag.
1642 3691 1951 3771 descriptione
1964 3718 2030 3752 ex
2042 3714 2150 3754 ortu
2160 3706 2212 3754 in
2225 3699 2573 3773 occastemfhc‘l'ci,
2607 3705 2673 3757 mi

332 3789 480 3842 objectio
625 3783 744 3830 412.
785 3764 923 3838 Qis
935 3763 1219 3839 persuaderi
1230 3762 1400 3839 potest
1415 3806 1428 3826 ,
1450 3769 1583 3822 Eum
1641 3775 1829 3843 viginti
1862 3785 2062 3842 quatuor
2097 3774 2317 3827 horarum
2327 3775 2489 3846 spatio
2503 3815 2516 3835 ,
2555 3723 2673 3829 jum

305 3851 424 3879 comm
436 3838 522 3879 ⁸1⁶¹·
624 3836 788 3908 ipsum
804 3835 1056 3907 ejusmodi
1068 3837 1408 3893 irrationabile
1420 3837 1485 3895 de
1498 3857 1583 3897 ve-
1641 3840 1975 3897 Meridianum
1990 3865 2079 3898 non
2080 3845 2285 3920 praecise
2297 3850 2519 3922 attingit,
2536 3848 2596 3909 fic
2610 3850 2672 3910 ξς

306 3894 514 3982 my·
624 3911 743 3965 sana
755 3912 842 3965 tali
852 3916 1091 3964 omnium
1118 3910 1398 3973 stellarum,
1425 3920 1583 3985 agita·
1627 3921 1841 3988 spatium
1854 3913 1984 3970 illud
1989 3917 2062 3971 ad
2067 3917 2404 3972 Meridianum
2418 3918 2672 3991 refiduum,

625 3987 774 4037 tione
796 3981 1004 4038 credere
1023 3979 1165 4057 posse
1180 4024 1193 4045 ‚
1218 3982 1311 4043 nifi
1332 3981 1470 4040 forte
1489 4004 1581 4058 per
1640 3985 1851 4051 dierum,
1888 4010 2199 4063 annorumque
2217 3991 2475 4047 multorum
2507 3994 2672 4047 multi·

624 4052 926 4128 singularem
950 4055 1145 4110 causam
1184 4074 1337 4130 quam
1359 4057 1580 4113 indicare
1607 4120 1609 4123 ,
1629 4063 1889 4135 plicatione
1927 4062 2120 4117 tandem
2156 4064 2348 4138 semper
2386 4067 2446 4127 ξς
2478 4067 2670 4140 semper

625 4129 822 4190 noluit,
837 4126 1087 4183 adductus
1098 4128 1188 4184 fit?
1212 4129 1427 4203 Cogitet
1439 4136 1578 4186 enim
1607 4126 1611 4178 ῗ
1639 4134 1950 4213 posticipando
1962 4133 2233 4204 insenfibile
2254 4153 2556 4211 augmentum
2569 4141 2666 4201 ,uti

625 4207 742 4271 quis
755 4241 768 4261 ,
786 4219 850 4255 an
873 4219 980 4255 non
1003 4217 1181 4256 contra
1201 4220 1414 4256 omnem
1427 4210 1581 4259 ratio·
1606 4205 1610 4248 ἕ
1632 4213 1738 4276 jam
1757 4210 1889 4274 nolli,
1903 4213 2143 4274 excrescit.

625 4286 747 4325 nem
783 4271 1064 4347 sanumque
1109 4273 1306 4331 sensum
1343 4272 1405 4330 sit
1438 4300 1452 4330 z
1500 4252 1612 4368 tot}

2534 4360 2662 4411 AN-
