3068 4718
873 230 1396 291 D2P1t01>atu
1434 233 2063 295 Exn-‚amenus
2431 265 2495 315 ⁷3

362 321 587 451 {winde
617 328 773 381 rarior
797 363 812 387 ,
851 324 938 384 vel
967 346 1053 385 ma
1089 332 1101 343 ’
1154 324 1416 398 dilatatus)
1467 326 1701 402 quodam
1751 347 1972 406 corpore
2019 330 2274 389 desertum
2311 371 2326 395 ‚
2373 349 2506 391 nun·
2552 352 2627 389 aer
2650 348 2742 388 am

389 395 560 453 ursum
573 395 826 455 attollitur
841 439 856 462 ‚
891 418 1005 458 non
1048 414 1171 457 ecus
1193 406 1251 457 in
1265 418 1419 477 aqua,
1466 418 1628 476 quam
1639 403 1946 480 relinquitur
1955 424 2174 464 vacuum
2193 447 2207 468 ‚
2240 405 2329 464 sed
2341 406 2405 464 ab
2418 410 2502 463 aie·-
2522 402 2684 460 Mum

367 466 509 528 bulla
522 470 687 547 aliqua
699 469 949 532 evehitur.
961 475 1014 531 Si
1025 480 1198 548 itaque
1209 478 1419 531 aemon
1466 474 1793 550 rerepletu't3
1826 477 2016 534 eodem
2028 476 2224 543 modo,
2259 482 2497 557 quoSpa-
2517 453 2739 553 „imfs'sssssf'

368 539 526 609 esset3
562 562 735 620 neque
749 544 1018 605 adscensus
1036 544 1307 604 fumorum
1325 546 1416 604 da·
1465 554 1600 604 tium
1620 554 1677 605 in
1702 569 1860 626 aqua,
1933 550 2044 608 iscis
2066 569 2287 626 corpote
2299 554 2389 611 suo
2411 573 2497 611 oc·
2518 558 2641 595 ‘'⁸⁴⁸⁶-

370 632 529 673 retur.
1435 616 1645 750 'cupam
1681 623 1895 751 quando
1928 644 2084 682 ocum
2098 631 2495 692 mutat,iterum

443 693 502 746 In
516 688 598 748 his
611 688 943 751 inferioribus
963 710 1134 749 omne
1148 691 1374 768 spatium
1387 692 1418 748 a
1463 695 1598 770 aqua
1609 713 1663 751 re
1720 712 1852 753 etur.

1170 920 1540 976 CAPUT
1617 925 1706 978 ΙΙ.

608 1070 695 1132 De
731 1070 907 1136 Primo
935 1070 1328 1155 Experrimento
1353 1071 1542 1149 Vacui,
1581 1087 1673 1156 per
1695 1072 2046 1137 extrafflonem
2072 1077 2258 1163 Aquae.

564 1266 673 1323 Um
687 1265 825 1332 haec,
862 1266 989 1327 ficut
1012 1274 1065 1326 &
1085 1268 1407 1327 Immenfita-
1453 1287 1560 1333 tes,
1597 1288 1788 1349 aquam
1821 1270 2216 1348 subsequentem
2239 1294 2334 1351 per
2354 1274 2496 1352 supe-
2544 1278 2711 1325 Ahm-

559 1355 669 1397 tem
695 1340 846 1398 istam
871 1345 1034 1419 Spatii
1071 1343 1166 1414 (de
1191 1364 1295 1421 qua
1318 1342 1404 1399 lib.
1454 1348 1561 1400 rius
1571 1344 1870 1402 ventilumb
1883 1353 2070 1419 ejicere
2082 1363 2336 1423 poterant.
2511 1325 2696 1429 πω

555 1411 771 1470 anteced.
798 1432 896 1492 cap.
916 1419 990 1488 ι.)
1014 1418 1227 1494 ejusque
1236 1416 1407 1479 neces·
1524 1418 1696 1476 Sonus
1706 1419 1830 1478 vero
1851 1418 2159 1477 audiebatur
2170 1429 2227 1478 in
2253 1421 2499 1481 omnibus

355 1486 537 1543 sariam
585 1485 934 1564 ubiquitatem
990 1489 1406 1549 considerarem:
1455 1489 1850 1569 Doliipartibus
1870 1492 2026 1549 instar
2041 1493 2497 1554 vehementerbul-

355 1564 523 1617 Venit
556 1560 691 1619 mihi
725 1562 1039 1641 subsequens
1075 1570 1314 1641 operatio
1351 1573 1404 1621 in
1451 1566 1785 1695 lientisaquae
1808 1608 1822 1630 ‚
1845 1575 1891 1624 is
1902 1564 2107 1623 tamdiu
2119 1566 2366 1634 durabat,
2403 1570 2500 1626 do·

356 1651 615 1692 mentem.
1453 1656 1554 1696 nec
1566 1642 1673 1696 Vas
1701 1658 1804 1695 oco
1817 1659 1965 1714 aquae
1990 1640 2253 1704 extraffle,
2292 1651 2412 1699 aere
2422 1662 2498 1700 re-

433 1707 653 1765 Dolium
678 1708 952 1786 quoddam
964 1716 1221 1769 vinarium
1234 1712 1317 1770 vel
1327 1732 1407 1769 ce·
1453 1711 1655 1788 pletum
1666 1709 1807 1767 effet.

356 1780 724 1840 revifiariuma
762 1784 828 1839 ua
839 1783 1146 1859 impleatur,
1181 1804 1242 1842 ac
1256 1784 1407 1842 undi-
1527 1783 1943 1842 Succurrendum
1955 1790 2132 1861 itaque
2143 1782 2244 1842 fuit
2256 1785 2382 1843 huic
2393 1807 2501 1844 ma·

357 1873 466 1931 que
488 1853 692 1932 optime
714 1875 749 1911 o
787 1871 1016 1920 tutetur,
1046 1875 1118 1913 ne
1141 1864 1408 1914 aerexter-
1456 1855 1536 1919 lo,
1576 1856 1757 1931 aliquo
1769 1859 2024 1913 remedio.
2065 1859 2503 1935 Comparatoigi-

359 1947 466 1986 nus
483 1929 688 2004 ingredi
709 1929 892 2005 poffitz
929 1931 1319 2005 appliceturque
1331 1935 1410 1984 in·
1457 1946 1543 1983 tur
1569 1934 1764 1984 minori
1788 1929 1964 1991 dolio,
2003 1947 2172 2004 eoque
2206 1938 2395 2003 majori
2419 1941 2503 1989 in-

358 1999 539 2058 feriori
563 2000 688 2057 dolii
749 2006 872 2063 arti,
907 2001 1115 2076 syringa
1138 2003 1218 2059 vel
1239 2000 1411 2058 fistula
1454 1999 1620 2065 serto,
1655 2021 1716 2057 ac
1727 2000 1916 2057 inserto
1930 2001 2055 2059 colli
2075 2005 2167 2058 lon
2206 2009 2329 2062 iotis
2340 2005 2506 2078 syrin·

358 2094 533 2137 aenoe,
556 2023 978 2146 cujuszeneficio
990 2081 1109 2150 quis
1118 2093 1307 2151 aquam
1323 2093 1412 2132 ex·
1493 2095 1523 2131 e
1544 2093 1640 2152 per
1663 2075 1924 2151 utriusque
1953 2073 2132 2133 affulas
2174 2097 2241 2133 eu
2268 2080 2505 2137 vasorum

358 2147 559 2206 trahat:
597 2153 754 2225 Aqua
798 2166 892 2224 per
938 2149 1229 2222 naturalem
1267 2149 1411 2206 suam
1482 2155 1601 2224 igna
1623 2172 1643 2218 ².
1684 2148 1872 2224 repleri
1911 2147 2111 2205 dolium
2151 2150 2288 2207 istud
2324 2160 2504 2210 minus

358 2226 666 2298 gravitatem
719 2219 1004 2279 necessario
1039 2222 1280 2280 succede-t
1304 2266 1321 2289 ,
1355 2242 1416 2279 ac
1461 2223 1596 2299 aqua
1619 2265 1633 2285 ‚
1672 2223 2005 2298 obturarique
2050 2229 2166 2295 ejus
2213 2224 2475 2282 orificium
2489 2268 2503 2289 ‚

357 2294 482 2373 post
502 2295 554 2352 se
579 2299 635 2351 in
656 2294 811 2352 dolio
831 2295 1054 2371 spatium
1073 2300 1194 2354 a‘e‘re
1214 2298 1414 2373 (proin·
1459 2294 1782 2373 tandemque
1807 2301 1861 2352 &
1886 2296 2034 2354 dolio
2064 2303 2249 2367 maJ‘ori
2271 2299 2405 2375 aqua
2424 2320 2507 2357 re-

362 2367 538 2448 deque
548 2371 957 2446 omnicotpote)
979 2390 1227 2435 vacuum,
1264 2370 1415 2427 telin·
1460 2371 1605 2446 pleto
1623 2412 1638 2433 ,
1672 2372 1879 2428 labores
1923 2370 2261 2447 redintegrari
2308 2380 2501 2433 curavi.

362 2458 511 2520 quet.
1462 2444 1594 2520 Qo
1605 2441 1748 2510 fasto
1762 2444 1994 2501 extratila
2005 2445 2082 2502 est
2094 2464 2227 2523 aqua
2251 2444 2393 2503 dolio
2408 2452 2507 2505 mi-

114 2530 197 2574 m·
215 2527 344 2579 tanit-
437 2521 676 2576 Eventus
688 2519 893 2593 itaque,
927 2529 988 2572 ut
1011 2513 1419 2591 cogitationibus
1464 2517 1884 2578 nori,cu'usloco
1897 2520 2080 2591 procul
2091 2518 2256 2577 dubio
2267 2523 2508 2594 Spatium

112 2581 337 2636 *ΜΗ
365 2588 1304 2666 responderet,comparavisyringem
1316 2597 1421 2646 ori·
1463 2605 1575 2645 rem
1666 2606 1708 2643 it
1721 2606 1956 2646 vacuum.

363 2663 628 2723 ehalceam
649 2662 739 2719 seu
762 2661 1041 2740 siphonem
1067 2661 1418 2719 undivomum
1537 2660 1646 2717 Sed
1658 2680 1780 2718 cum
1795 2660 1908 2719 dies
1919 2662 2117 2740 elapsus
2139 2661 2510 2723 fimullabores
2552 2672 2691 2731 aqu·
2729 2687 2748 2703 ·

364 2736 508 2801 abc,
547 2742 696 2809 cujus
709 2737 826 2793 usus
836 2732 1084 2794 soletesse
1094 2735 1419 2793 inincendiis
1463 2734 1705 2791 finiret&
1727 2754 1893 2791 omne
1915 2754 2150 2792 murmur
2173 2737 2509 2815 strepitusque
2527 2718 2652 2822 {w
2690 2740 2707 2770 ³

364 2814 621 2889 (german.
659 2815 766 2866 eine
791 2811 1056 2888 Mefflngen
1078 2810 1420 2886 teuersprutz)
1461 2828 1635 2866 rerum
1647 2807 1856 2866 sedatus
1868 2806 2020 2874 eflet,
2044 2807 2254 2868 auditus
2268 2812 2344 2868 est
2355 2812 2514 2869 sonus

363 2904 487 2944 cum
499 2883 697 2962 pistillo
712 2907 738 2940 c
751 2882 831 2941 vel
832 2888 879 2962 f
880 2889 933 2940 &
943 2881 1158 2940 embolo
1164 2905 1203 2959 g
1216 2901 1418 2939 accura-
1464 2887 1657 2946 varius,
1671 2881 1814 2959 isque
1823 2889 2173 2958 interruptuS,
2207 2884 2275 2941 ad
2285 2885 2511 2942 modum

362 2958 419 3017 te
451 2957 701 3023 instrudlo
723 2958 816 3029 (ne
839 2963 945 3014 aeri
965 2957 1114 3014 locus
1126 2958 1213 3015 vel
1233 2955 1417 3013 lumen
1464 2974 1559 3032 pet
1581 2957 1792 3046 suspiria
1812 2957 2127 3014 cantillantis
2147 2959 2358 3016 aviculae
2380 3002 2395 3023 ,
2432 2959 2512 3017 id-

365 3041 504 3091 circa
538 3031 702 3089 latera
737 3030 947 3088 Emboli
975 3028 1309 3108 ingrediendi
1332 3029 1416 3088 vel
1472 3029 1698 3105 quesere
1708 3035 2053 3106 tresintegros
2064 3030 2190 3087 dies.

365 3103 598 3164 exeundi
623 3104 849 3173 daretur)
869 3120 930 3162 ut
969 3109 1023 3160 &
1048 3123 1169 3161 cum
1206 3103 1417 3162 duobus
1537 3111 1743 3179 Apetto
1756 3118 1934 3160 autem
1951 3104 2143 3161 deinde
2155 3104 2355 3162 orificio
2380 3105 2513 3162 dolii

363 3179 695 3236 Platismatiis
740 3179 834 3236 seu
884 3180 1111 3236 ventiliis
1145 3183 1391 3237 coriaceis
1408 3221 1422 3243 ,
1463 3183 1719 3242 minoris,
1754 3194 2019 3252 repertum
2045 3178 2118 3234 est
2144 3177 2202 3234 id
2227 3178 2432 3236 dolium
2460 3185 2514 3235 &

370 3272 601 3331 quorum
614 3258 832 3310 interius
844 3256 900 3308 in
922 3252 1157 3329 Syringis
1168 3253 1417 3331 operculo
1464 3254 1793 3329 aqua&aete
1806 3269 1893 3306 ma
1928 3253 1995 3307 nai
2006 3272 2071 3308 ex
2082 3267 2228 3328 parte
2241 3254 2519 3329 repletum,

369 3351 402 3385 a
416 3325 554 3384 veld
570 3366 587 3390 ‚
622 3325 691 3382 ad
714 3326 1170 3384 intromittendam
1193 3346 1419 3404 aquam:
1467 3343 1577 3382 erat
1595 3342 1775 3382 tamen
1787 3325 1895 3382 nih·
1918 3334 2133 3383 ominus
2143 3325 2382 3403 quaedam
2395 3346 2515 3402 pars

368 3405 604 3460 exterius
630 3397 662 3454 b
686 3399 755 3456 ad
782 3398 1127 3457 emittendam
1148 3417 1329 3478 aptum
1344 3401 1419 3458 es-
1470 3417 1658 3464 vacua,
1691 3404 1814 3475 quia
1825 3403 1961 3458 inter
1976 3398 2318 3477 aperiendum
2332 3420 2418 3458 aer
2427 3400 2514 3457 ali·

368 3475 460 3534 set.
535 3480 623 3551 Ap
661 3473 818 3531 licata
864 3473 1073 3547 syringe
1119 3475 1421 3545 (mediante
1471 3478 1589 3550 quis
1600 3472 1932 3548 irrumpebat.

367 3549 569 3608 circulo
632 3567 780 3605 erreo
806 3566 859 3610 e,
895 3563 1122 3624 quatuor
1156 3550 1315 3607 vibris
1343 3557 1422 3607 in·
1545 3544 1676 3603 Inde
1698 3564 1887 3603 omnes
1910 3551 2067 3623 eoepit
2078 3543 2381 3609 admiratio,
2418 3565 2514 3601 un-

374 3624 592 3695 struae)
617 3621 685 3680 ad
699 3619 1007 3678 inferiorem
1020 3621 1420 3700 doliipartema,
1474 3620 1581 3679 dea
1617 3640 1683 3677 ua
1703 3619 2011 3679 introiviffet
2031 3626 2089 3675 in
2104 3617 2330 3682 dolium,
2368 3638 2513 3676 accu-

372 3716 567 3773 aquam
618 3695 892 3754 extrahere
934 3694 1174 3752 conabar.
1223 3703 1420 3755 Verum
1473 3642 1718 3754 ratiffime
1738 3695 1934 3771 ubique
1956 3693 2221 3750 firmatum
2246 3693 2515 3749 &obtura-
2708 3756 2716 3764 ‚

417 3779 523 3828 rius
548 3768 725 3829 fra&ae
743 3769 861 3827 sunt
886 3768 1056 3827 Vibrae
1078 3768 1164 3828 vel
1199 3771 1422 3828 cochleae
1474 3786 1603 3827 tum.
1646 3766 1988 3846 Deprehendi
1999 3766 2224 3844 denique
2237 3787 2332 3843 per
2355 3767 2517 3825 diver-
2535 3758 2758 3856 „2:5ae

408 3863 565 3902 erreae
590 3888 606 3911 ‚
641 3844 832 3923 quibus
854 3862 1048 3921 nempe
1082 3845 1256 3919 syrinx
1278 3845 1423 3904 dolio
1472 3844 1550 3901 sas
1563 3847 1828 3900 reiteratas
1840 3848 2006 3904 vices,
2036 3860 2223 3918 aquam
2237 3843 2517 3903 uehemen-
2534 3848 2730 3917 §asnaa-¹

377 3914 537 3976 affixa
562 3960 577 3982 ,
614 3921 773 3995 quam
821 3937 958 3995 aqua
1002 3916 1277 3976 succedere
1321 3920 1423 3979 vel-
1475 3926 1581 3975 tius
1627 3915 1847 3992 prefl'am
1876 3958 1892 3980 ‚
1929 3917 1963 3972 li
2003 3935 2128 3971 num
2163 3914 2387 3971 'tranfire
2411 3955 2426 3975 ,
2467 3909 2621 3968 &4⁸¹⁴
2639 3914 2758 3947 Aem-

380 3992 474 4048 let.
1475 4007 1689 4071 propter
1710 3934 2057 4067 compressgm
2080 3989 2209 4063 ligni
2250 3986 2517 4044 transitum

458 4065 616 4142 Opus
652 4067 894 4125 nondum
931 4064 1428 4143 desperatum-etan
1478 4066 1567 4123 seu
1579 4070 1839 4129 attritum,
1876 4063 2076 4138 semper
2090 4082 2156 4118 ex
2168 4080 2521 4138 aquagenera·

383 4137 623 4218 Quaefito
646 4146 819 4217 itaque
843 4141 1081 4199 remedio
1107 4144 1164 4195 ’δε
1181 4140 1373 4196 auxilio
1402 4141 1432 4196 a
1478 4139 1638 4197 riuna
1650 4138 2054 4216 aliquida‘e'risin
2080 4135 2245 4198 dolio,
2273 4134 2442 4212 (quod
2462 4140 2518 4190 in

383 4213 615 4270 cochleis
664 4212 970 4290 fortioribus
993 4241 1009 4283 3
1057 4214 1279 4273 tandem
1326 4231 1431 4270 tres
1480 4213 1818 4290 sequentibus
1874 4231 2084 4287 quoque
2141 4209 2275 4265 bene
2331 4228 2518 4266 notan-

374 4289 575 4347 robusti
601 4295 696 4348 viri
708 4289 958 4364 pistillum
980 4290 1202 4368 syringis
1220 4286 1427 4349 trahen-
1483 4286 1631 4357 dum)
1668 4288 1890 4353 Dolium
1926 4301 2100 4414 auter}
2136 4282 2367 4360 plenarie
2403 4290 2520 4339 aere

2004 4379 2016 4393 ο
2439 4373 2519 4411 re-
