3068 4718
621 156 684 208 56
1193 140 2208 203 LrnERSacunuus,

617 239 791 313 Fugae,
816 244 941 295 item
969 238 1295 316 Repletionis
1318 240 1461 308 (nam
1486 236 1523 293 fi
1548 257 1659 293 non
1715 232 1887 299 detur,
1915 237 2140 311 quomodo
2153 235 2343 294 dicatur
2355 242 2442 310 effe
2453 240 2751 315 causbpluri-

616 311 740 368 effet
762 332 982 370 vacuum
1000 356 1014 377 ,
1040 313 1169 367 nihil
1191 310 1358 388 posset
1381 312 1584 385 repleri)
1609 315 1661 366 &
1714 328 1894 365 morum
1919 313 2303 386 apotelesmatum
2329 326 2350 366 ‚³
2396 312 2483 369 Ad
2521 321 2750 387 primum

617 385 897 442 multorum
914 387 1131 442 aliorum
1145 390 1655 461 Experimentorum.
1712 382 1984 458 respondet
1998 386 2255 459 Scaliger:
2294 396 2450 440 Deum
2474 407 2565 440 non
2569 387 2753 461 potuis-

684 464 741 512 E.
768 465 1002 516 Vacuum
1016 459 1092 514 est
1108 458 1417 534 ponendum
1434 458 1463 513 a
1476 458 1649 515 Philo·
1696 456 1755 522 ,Ῐὲ
1783 477 1920 512 acere
1944 471 2141 514 Vacuum
2158 501 2170 521 ‚
2205 458 2336 533 quod
2353 481 2443 514 non
2453 460 2754 550 poffitfc'zcere

611 531 796 606 sopho.
1679 506 1747 597 lfi
1775 535 1796 583 i
1809 533 1956 605 plane
1980 532 2199 603 dtffimile
2228 558 2247 594 ;
2280 544 2476 587 Vacuum
2501 554 2619 589 vero
2645 556 2747 588 cum

360 639 548 694 Philosophi
682 608 906 664 Fuerunt
930 621 1105 663 autem
1135 606 1291 679 hujus
1327 608 1652 671 Aristotelicae
1704 605 1837 657 nihil
1841 605 1914 669 fit,
1929 617 2033 661 Deo
2035 606 2183 680 plane
2180 606 2251 676 fit
2264 606 2504 678 dtffimile‚
2546 609 2749 670 &crea-

358 709 437 732 ψη,
450 668 576 733 sirm}-
605 678 869 738 sententiae
892 723 905 743 ,
941 686 1295 736 communiter
1317 698 1505 738 omnes
1528 680 1651 737 Phi·
1702 681 1772 729 tio
1801 684 1989 757 semper
2016 685 2309 735 terminetur
2332 685 2384 733 in
2408 681 2588 752 aliquo,
2631 680 2745 735 ideo

354 746 576 835 ζὲζζηξζηίσπ-
606 753 832 828 10s0p11j‚
862 756 891 808 a
917 752 1142 809 Thalete
1158 795 1172 816 ‚
1198 755 1358 830 usque
1382 755 1450 811 ad
1477 754 1647 810 Plato-
1702 757 1838 805 Deus
1858 754 2085 829 nonpoffit
2100 773 2264 809 creare
2276 754 2412 807 nihtL
2455 753 2543 810 Ad
2567 754 2743 810 secun-

483 825 490 832 ’
604 846 745 890 nem,
770 844 831 883 ut'
843 845 1097 884 memorat
1110 830 1399 884 Plutarchus
1411 828 1498 882 lib.
1520 851 1564 883 1.
1583 829 1646 883 de
1702 819 1828 878 dum
1843 826 2155 901 respondent
2169 825 2503 902 Philosophi:
2539 838 2646 882 Non
2661 840 2746 882 Va-

601 902 802 955 Placitis
817 903 1198 978 Philosophorum
1212 919 1311 977 cap.
1331 925 1352 956 1
1367 910 1391 956 8
1401 945 1413 957 .
1699 917 1836 951 cuum
1849 899 2001 962 illud,
2015 899 2278 978 ftdfugam
2306 906 2444 955 Vacui
2457 903 2544 972 effe
2555 903 2741 970 confirm

390 977 552 1036 anorum
675 974 782 1030 Sed
807 983 1064 1052 Leucippus
1091 1017 1104 1038 ,
1144 991 1203 1031 ut
1227 980 1278 1031 &
1303 982 1640 1040 Democritus,
1698 989 1861 1025 rerum
1872 974 2067 1032 illarum
2083 980 2204 1043 ;sea,
2215 995 2307 1030 non
2318 972 2450 1048 quod
2447 975 2513 1049 fit
2526 986 2738 1039 Vacuum,

351 1028 563 1080 rh1lofiph0-
603 1056 885 1112 Demetrius
914 1093 927 1112 ,
961 1056 1198 1125 Epicurus
1223 1093 1237 1113 ‚
1290 1048 1640 1115 Metrodorus,
1683 1043 1930 1111 sednefit.

352 1092 432 1116 rum
458 1081 573 1116 diver-

346 1132 386 1178 [ι
406 1129 573 1176 [mmm
601 1125 700 1177 &a
729 1129 963 1180 Vacuum
978 1122 1638 1201 conceflerunt‚&qu1dem
1768 1119 1982 1195 Insuper
2002 1121 2306 1198 quotidiana
2326 1122 2513 1180 volunt
2546 1121 2735 1179 docete
2758 1133 2985 1235 m

350 1182 521 1219 '“Vam
597 1199 959 1271 magnitudine
985 1197 1269 1255 Infinitum.
1325 1204 1475 1253 Stoici
1524 1206 1634 1276 qui·
1693 1197 2043 1267 experientia,
2070 1201 2306 1252 Vacuum
2322 1196 2430 1252 dari
2447 1215 2555 1252 non
2570 1194 2730 1272 poffie·
2759 1244 2819 1272 m
2832 1241 2983 1274 rm

599 1267 719 1324 dem
757 1270 890 1326 nihil
917 1279 1052 1328 intra
1098 1272 1368 1327 Mundum
1410 1270 1509 1327 effe
1533 1278 1635 1329 Va·
1691 1271 1844 1343 Aqua
1856 1273 1997 1324 enim
2013 1270 2489 1325 contranaturalem
2502 1272 2734 1333 cursum,
2758 1295 2982 1338 opponatur.

597 1359 783 1404 cuum,
813 1361 956 1400 extra
992 1360 1164 1400 autem
1177 1346 1371 1419 ipsum,
1395 1350 1634 1403 Vacuum
1693 1343 1910 1398 attracto
1929 1361 2022 1419 per
2047 1342 2266 1400 fistulam
2293 1347 2441 1408 aere,
2475 1342 2735 1408 ascendir;

593 1414 860 1474 infinitum
875 1416 1208 1474 asseruerunt,
1691 1416 1820 1470 Item
1845 1419 1984 1473 Caro
2006 1416 2336 1479 cucurbitulis
2348 1437 2465 1494 quae
2487 1414 2736 1494 chirurgia

667 1489 772 1545 Alii
789 1490 853 1546 de
879 1496 1057 1548 Vacuo
1071 1491 1382 1555 statuerunt,
1421 1491 1637 1569 quodfit
1694 1492 1747 1543 in
1775 1490 1865 1545 usu
1887 1490 1987 1546 effe
2010 1492 2202 1554 solent,
2240 1491 2639 1567 excindioigne,
2677 1498 2733 1548 in

591 1568 767 1619 anima
793 1563 1036 1623 Univerfi
1056 1566 1143 1621 seu
1171 1567 1394 1643 Spiritus
1407 1566 1604 1623 Mundi
1625 1609 1639 1631 ‚
1693 1562 1956 1620 tubercula
1990 1567 2246 1630 elevatur;
2284 1564 2437 1621 Follis
2484 1566 2732 1624 obturato

592 1639 645 1689 &
670 1638 815 1713 quod
839 1645 1211 1716 incorporeum
1238 1639 1299 1697 fit
1321 1659 1375 1697 at
1414 1661 1478 1697 ue
1502 1647 1635 1698 inta-
1693 1636 1919 1700 orificio,
1957 1655 2016 1694 ut
2031 1639 2171 1694 nulla
2183 1658 2248 1694 ex
2259 1656 2405 1715 parte
2426 1639 2733 1715 a‘e'ringredi

587 1709 706 1765 &ile
722 1755 734 1773 ‚
756 1712 900 1789 quod
913 1733 1085 1789 neque
1096 1713 1316 1789 figuram
1331 1662 1526 1776 lullaeat,
1547 1734 1631 1770 ne·
1690 1726 1846 1786 queat
1865 1754 1878 1773 ,
1934 1710 2116 1768 diduci
2141 1730 2250 1771 non
2272 1711 2443 1789 potest
2466 1737 2482 1778 ;
2519 1719 2675 1790 Aqua
2698 1711 2730 1768 ὲ

585 1802 688 1858 que
702 1785 985 1862 figuratum
999 1786 1062 1844 fit
1079 1829 1094 1851 ‚
1125 1808 1184 1844 ac
1198 1787 1344 1865 quod
1357 1809 1531 1866 neque
1543 1807 1631 1863 pa·
1687 1784 1801 1842 vase
1814 1784 2000 1842 orificii
2015 1786 2329 1862 angustioris
2340 1785 2560 1844 obverso
2577 1830 2591 1849 .
2614 1806 2725 1844 non

583 1862 937 1937 riatur‚neque
952 1878 1094 1938 agat,
1115 1862 1202 1919 sed
1216 1879 1421 1920 tantum
1438 1862 1504 1920 ad
1517 1881 1629 1918 cor·
1686 1856 1885 1922 effluit,
1922 1864 2019 1916 ὅτε.
2064 1864 2256 1917 Utrum
2279 1877 2457 1919 autem
2494 1863 2727 1937 angelica

581 1948 679 2005 pus
690 1932 1068 2009 suscipiendum
1082 1954 1263 2010 aptum
1277 1936 1355 1992 fit.
1682 1939 1875 1990 virtute
1900 1933 2012 1991 fieri
2023 1935 2179 2011 poffit
2200 1940 2472 1993 Vacuum?
2506 1950 2725 2012 negatur

364 2037 558 2077 Man-d„
653 2005 1189 2084 Recentiorquidam,
1227 2016 1447 2064 nomine
1472 2020 1622 2063 Rena·
1680 2004 1745 2060 ab
1758 2007 1994 2062 Oviedo.
2038 2015 2218 2082 Atque
2240 2009 2322 2064 hae
2340 2009 2462 2065 sunt
2485 2028 2726 2066 commu-

335 2091 554 2150 chaytessm-
579 2091 660 2133 tus
697 2079 785 2136 des
821 2086 1019 2137 Chartes
1053 2124 1069 2146 ,
1097 2089 1149 2136 in
1186 2081 1273 2136 lib.
1302 2088 1365 2138 de
1401 2087 1636 2156 Principe
1675 2082 1853 2134 niores
1902 2079 2342 2155 Philosophorum
2393 2080 2727 2152 objectiones

332 2151 454 2181 natm,
578 2153 761 2224 philos·
770 2171 903 2230 part.
923 2177 970 2210 2.
995 2176 1041 2210 n.
1062 2170 1143 2211 16.
1161 2158 1222 2218 ξς
1236 2159 1339 2228 fi’q.
1379 2160 1619 2211 Vacuum
1673 2167 1855 2207 contra
1866 2157 2122 2216 Vacuum,
2137 2152 2205 2209 de
2218 2153 2406 2230 quibus
2416 2153 2720 2230 pluralib.3.

580 2223 689 2282 dari
708 2268 723 2290 ,
755 2229 966 2303 prorsus
990 2247 1110 2282 cum
1133 2228 1416 2282 Aristotele
1441 2241 1615 2300 negat,
1674 2240 1771 2298 cap.
1797 2244 1873 2291 35.
1889 2229 1940 2278 &
1960 2240 2037 2293 36.

573 2304 939 2375 rationemque
986 2299 1134 2354 addit
1160 2322 1173 2352 ε
1223 2297 1367 2373 Qod
1409 2299 1620 2365 extcnsto
1752 2301 1949 2351 Verum
1967 2299 2252 2354 enimvero
2279 2311 2474 2353 Vacuum
2502 2307 2555 2356 in
2570 2317 2716 2358 natu-

571 2379 730 2445 Spatii
742 2375 827 2428 vel
839 2378 947 2428 Loci
970 2378 1189 2437 interni,
1222 2394 1312 2426 non
1339 2373 1540 2444 dtfferat
1559 2370 1619 2426 ab
1676 2388 1731 2424 ra
1753 2368 1862 2426 dari
1877 2410 1890 2430 ‚
1925 2369 2010 2424 lib.
2033 2373 2131 2444 seq.
2145 2370 2381 2445 pluribus
2396 2372 2718 2430 demonstra-

570 2447 841 2515 extenfione
856 2450 1066 2524 corporis
1080 2471 1095 2511 ς
1109 2468 1167 2503 ac
1176 2446 1401 2523 proinde
1413 2454 1587 2522 inquit
1602 2471 1616 2502 ε
1678 2444 1851 2499 bimus
1862 2449 2268 2518 Experimentis.

567 2524 621 2571 Si
635 2537 906 2591 quaeratur,
934 2517 1055 2594 quid
1073 2522 1195 2590 fiet,
1206 2523 1254 2593 fi
1269 2530 1403 2575 Deus
1430 2527 1618 2589 auferat
1744 2518 1869 2573 Non
1880 2535 2056 2575 autem
2071 2524 2308 2576 Vacuum
2325 2563 2338 2583 ‚
2354 2519 2718 2597 deipsavacui-
2772 2531 2927 2588 vaunn-

569 2606 703 2648 omne
715 2612 881 2671 corpus
894 2594 1076 2668 quodin
1100 2594 1258 2668 aliquo
1271 2596 1385 2664 vase
1406 2600 1615 2650 contine·
1668 2606 1778 2647 tate
1802 2592 2127 2650 intellectum
2156 2609 2408 2671 tanquam
2431 2593 2574 2652 reale
2584 2596 2716 2673 quid
2741 2578 2895 2670 2⁹ss
2906 2577 2967 2626 β’

567 2677 681 2730 tur,
718 2670 973 2731 &nullum
988 2667 1132 2723 aliud
1137 2673 1188 2722 in
1201 2666 1519 2723 ablatilocum
1531 2689 1615 2724 ve·
1668 2666 1834 2722 intelli
1873 2675 2010 2725 imus
2037 2710 2051 2731 ‚
2084 2669 2172 2724 sed
2196 2684 2255 2724 ut
2281 2671 2628 2727 privationem
2654 2669 2715 2726 fi·
2741 2679 2915 2721 Aahx&

563 2744 672 2795 nire
677 2749 967 2815 permittat?
1005 2740 1393 2817 Regspondendum
1406 2745 1504 2809 est.-
1530 2755 1611 2797 Va·
1673 2759 1733 2795 ve
1770 2741 1835 2796 ab
1857 2747 2064 2797 entiam.
2120 2751 2221 2797 Ex.
2226 2764 2307 2816 gr.
2347 2749 2425 2799 uti
2451 2744 2715 2800 Tenebrae
2735 2731 2962 2781 [αφ’

550 2810 625 2881 fis
651 2817 808 2872 latera
822 2815 918 2891 fibi
940 2823 1145 2872 invicem
1170 2818 1254 2870 hoc
1267 2816 1478 2893 ipfhfore
1502 2836 1609 2870 con·
1665 2812 1784 2869 sunt
1805 2814 2027 2872 absentia
2049 2817 2320 2871 Luminisz
2356 2818 2467 2874 vel:
2504 2823 2581 2873 uti
2606 2835 2710 2874 εω-

563 2891 732 2963 tigna.-
766 2896 878 2961 Cum
892 2896 1019 2946 enim
1030 2897 1163 2945 inter
1174 2888 1267 2945 duo
1280 2907 1472 2965 corpora
1484 2893 1618 2945 nihil
1663 2892 1789 2943 citas
1810 2887 1884 2943 est
1947 2893 2133 2945 rivatio
2160 2889 2319 2952 visus,
2359 2909 2458 2947 nec
2482 2889 2706 2964 proinde

561 2966 848 3024 interiacent
862 3007 874 3027 ,
899 2968 1070 3036 neceſje
1083 2967 1148 3031 est
1164 3006 1178 3027 ,
1199 2979 1254 3019 ut
1256 2968 1315 3035 ste
1329 2979 1492 3020 mutuo
1505 2978 1611 3017 tan·
1663 2962 1797 3015 reale
1809 2965 1897 3037 qui
1951 2985 1964 3014 ε
2003 2962 2108 3019 Seu
2127 2987 2140 3018 z
2179 2966 2275 3018 Uti
2289 2981 2430 3033 mors
2443 2965 2520 3022 est
2533 2972 2724 3022 extiti-⁴

555 3052 680 3110 gant
705 3080 717 3099 ‚
753 3059 807 3092 ac
838 3041 1080 3110 manifeste
1114 3054 1347 3114 repugnat
1371 3081 1385 3101 ‚
1435 3053 1489 3092 ut
1526 3035 1600 3093 di·
1661 3034 1764 3089 stio
1777 3039 1935 3097 Vitae,
1976 3054 2125 3094 mors
2138 3036 2264 3093 vero
2277 3053 2388 3093 non
2404 3040 2539 3096 reale
2550 3038 2698 3116 quid:

547 3113 709 3175 stent,
732 3111 841 3180 five
852 3128 907 3166 ut
918 3119 1050 3167 inter
1059 3115 1159 3189 ipfis
1172 3111 1231 3173 fit
1243 3110 1475 3179 distantia
1487 3152 1500 3174 ,
1541 3115 1601 3175 ξς
1659 3108 1744 3163 Sic
1758 3113 1993 3165 Vacuum
2010 3110 2088 3167 est
2098 3115 2324 3185 privatio
2337 3110 2476 3186 pleni
2494 3156 2508 3177 ,
2519 3130 2695 3171 tamen

557 3198 716 3238 tamen
729 3186 817 3247 tsta
829 3185 1058 3250 distantia
1059 3186 1128 3253 fit
1138 3188 1269 3240 nihil
1273 3211 1288 3251 ;
1322 3192 1435 3260 quia
1448 3192 1600 3241 omnis
1657 3202 1763 3237 non
1777 3181 2031 3259 sequitur,
2068 3184 2213 3261 quod
2225 3189 2445 3259 privatio
2457 3187 2693 3251 haec‚seu,

558 3253 784 3323 dzstantia
796 3258 860 3328 est
872 3257 1041 3311 modus
1053 3259 1342 3327 extenfionis
1358 3302 1371 3322 ,
1413 3262 1472 3322 ξς
1486 3259 1596 3315 ideo
1653 3256 1806 3328 hujus
1827 3258 1910 3313 vel
1935 3260 2074 3315 illius
2098 3268 2174 3315 rei
2186 3258 2409 3316 absentia
2431 3262 2571 3338 (quae
2583 3260 2694 3317 vul·

542 3329 653 3400 fine
665 3330 938 3402 substantia
962 3332 1163 3406 extenfir
1197 3330 1285 3405 effe
1321 3353 1412 3389 non
1440 3333 1597 3416 potest
1650 3331 1718 3406 go
1731 3335 1970 3388 Vacuum
1990 3335 2227 3404 vocatur)
2250 3330 2311 3388 fit
2325 3336 2459 3390 reale
2471 3333 2615 3411 quid.

561 3409 644 3460 &c
1723 3406 1817 3461 Uti
1839 3422 2017 3463 autem
2043 3424 2151 3464 tam
2175 3406 2391 3483 plenum
2407 3428 2562 3485 quam
2589 3411 2688 3463 Va·

314 3501 534 3551 Aperipm-
657 3483 991 3555 Peripatetici
1060 3485 1196 3537 inter
1267 3476 1596 3537 Affectiones
1648 3497 1833 3541 cuum,
1869 3480 2116 3557 semperS
2154 3487 2319 3539 atium
2343 3500 2562 3546 autvas,
2596 3480 2689 3537 seu

313 3553 390 3588 ’Μ’
409 3554 510 3589 “⁴⁶¹⁴‘'
559 3552 754 3609 Mundi
785 3599 799 3619 ,
837 3571 1118 3610 numerant
1144 3559 1305 3611 Vacui
1326 3555 1513 3627 Fugam
1542 3560 1594 3608 ὃς
1647 3558 1925 3611 continens
1946 3554 2091 3631 quod
2130 3575 2246 3620 am,
2279 3554 2363 3612 vel
2376 3555 2587 3632 plenum
2600 3555 2688 3612 vel

311 3608 415 3690 52⁴3,ss
430 3612 535 3692 23:2⁰,
560 3624 770 3683 dicunt:
810 3628 1024 3704 quodin
1037 3627 1242 3685 mundo
1266 3625 1327 3682 s1t
1349 3633 1593 3685 mutua&
1646 3646 1868 3684 vacuum
1928 3629 2281 3706 praesupponit
2352 3631 2375 3698 (
2387 3626 2685 3705 fimpliciter

311 3700 509 3763 afflatam,
554 3717 807 3776 perpetua
830 3721 1107 3779 corporum
1135 3700 1371 3759 succeffio
1398 3744 1410 3763 ,
1448 3701 1593 3756 ideo·
1646 3706 1788 3758 enim
1806 3701 2021 3776 plenum
2040 3703 2122 3760 vel
2138 3722 2358 3762 vacuum
2372 3700 2567 3767 dicere,
2577 3702 2687 3758 abs-

310 3755 445 3792 mm
556 3795 662 3849 que
689 3775 887 3832 nullum
905 3783 955 3830 in
986 3776 1199 3831 Mundo
1217 3775 1322 3831 dari
1386 3770 1492 3829 offe
1506 3792 1593 3831 an·
1645 3795 1749 3851 que
1775 3773 1899 3831 vasis
1918 3776 2004 3832 seu
2038 3781 2355 3835 continentis
2390 3773 2686 3837 considera-

592 3851 831 3912 ulum,in
849 3869 954 3924 quo
967 3867 1077 3903 non
1093 3847 1153 3904 fit
1165 3847 1336 3924 aliquo
1386 3865 1591 3922 corpus,
1645 3855 1792 3905 tio-ne
1817 3849 1899 3904 vel
1936 3849 2369 3906 denominatione
2401 3890 2415 3912 ,
2452 3847 2584 3905 nihil
2607 3849 2684 3905 est

552 3866 760 3998 fineque
774 3939 1064 3996 propterea,
1079 3939 1137 3978 ut
1150 3930 1307 3979 virtus
1321 3923 1470 3983 Coeli,
1483 3938 1591 3977 tan·
1647 3922 1843 3992 dicere)
1867 3920 1935 3977 fic
1995 3943 2172 4001 uoque
2194 3928 2399 3978 ratione
2413 3942 2583 3979 retum
2599 3923 2680 3980 vel

552 4015 709 4070 quam
722 3994 943 4070 supremi
958 4003 1217 4070 corporis,
1244 3994 1592 4071 poffitperin-
1646 4015 1928 4070 corporum
2001 3997 2248 4052 oelestium
2266 4012 2356 4052 aut
2378 3995 2678 4053 Mundano-

551 4068 804 4123 termedia
827 4086 1043 4145 corpora
1065 4077 1119 4124 in
1147 4068 1392 4125 inferiora
1413 4085 1590 4144 agere,
1644 4090 1759 4126 rum
1774 4112 1787 4131 ,
1804 4074 1908 4126 Vas
1923 4110 1935 4131 ,
1959 4069 2287 4145 seuSpatium
2301 4075 2679 4127 autcontinens

552 4145 650 4195 &c.
692 4142 852 4196 Unde
866 4141 1190 4219 quaerisoler:
1229 4153 1302 4197 An
1318 4151 1450 4197 Deus
1453 4142 1590 4217 pofflt
1644 4142 1915 4294 qioddam
1930 4159 1988 4199 ut
2001 4141 2087 4207 fit,
2131 4142 2412 4200 neceffario
2435 4145 2676 4219 sequitur.

537 4221 703 4289 facere
728 4225 924 4270 Vacuum
953 4229 975 4271 ‚²
1011 4225 1078 4271 Et
1099 4258 1113 4280 ‚
1144 4225 1255 4272 Cum
1278 4227 1476 4273 Vacuum
1500 4237 1591 4273 non
1708 4223 1790 4275 uia
1827 4217 1953 4276 veto
1989 4215 2179 4279 id,non
2204 4216 2370 4276 videri
2395 4235 2492 4274 nec
2529 4213 2681 4271 facile

2542 4306 2682 4345 com·
