3068 4718
1079 295 1206 351 ΠΕ
1278 277 1801 352 Conna-ts.

374 391 495 448 inde
517 388 742 464 responsi
755 390 918 446 retuli.
961 390 1047 447 Ab
1070 394 1181 449 aliis
1192 410 1403 468 quoque

376 469 513 520 Viris
526 462 691 520 doffis
701 462 996 538 responsum
1009 465 1160 540 super
1175 484 1236 521 ea
1248 484 1301 522 rc
1317 485 1399 520 ex-

372 536 564 610 speEto.
604 537 691 590 Tu
703 542 909 592 interim
933 538 1086 595 velim
1110 539 1282 594 Tuam
1292 537 1399 592 sen·

372 614 592 666 tentiam
603 610 807 682 planius
822 608 1017 674 ‚saltem
1030 612 1231 685 plenius
1241 611 1397 684 expli·

372 700 477 738 ces.
514 686 774 756 Ptaecipue
791 702 918 741 vero
944 684 1026 739 illa
1050 702 1297 758 perquam
1323 702 1400 739 ar·

372 756 475 811 dua
500 760 551 811 &
574 754 849 830 tantopere
874 756 1122 829 disputata
1163 751 1229 812 de
1249 771 1399 811 motu

372 842 520 883 terrae
541 832 592 883 &
609 827 639 884 s
669 834 775 885 atio
798 834 976 884 Vacuo
989 836 1265 901 principia,
1325 837 1398 885 ui·

368 900 465 957 bus
492 919 583 957 tua
647 921 676 956 e
700 905 1037 958 Cometarum
1064 909 1143 957 ori
1183 909 1268 956 ‘ne
1310 921 1398 956 en·

367 980 535 1032 tentia
562 980 684 1030 nixa
706 974 807 1036 est,
832 990 944 1029 tum
970 919 1255 1032 rationffius
1286 990 1398 1030 tum

368 1045 706 1122 singularibus
740 1048 995 1122 aliquibus
1031 1051 1401 1122 experimentis

372 1120 667 1176 confirmes.
704 1123 783 1176 lta
807 1127 948 1175 enim
975 1124 1112 1178 Viris
1136 1120 1301 1177 doctis
1315 1139 1401 1176 eo-

374 1211 596 1269 rumque
632 1211 830 1267 magnae
850 1191 1251 1267 exspestationi,
1287 1213 1400 1269 quae

370 1267 495 1323 Tibi
511 1282 755 1340 tanquam
768 1270 934 1340 gravis
946 1266 1223 1324 adversaria
1234 1285 1401 1342 oppo-

367 1337 461 1394 sita
484 1338 589 1401 est,
606 1338 870 1413 ingeniosa
880 1339 999 1395 Tua
1023 1339 1271 1396 industria
1293 1346 1402 1396 vin-

365 1409 559 1475 cenda,
594 1409 884 1469 satisfacies.
920 1413 1189 1469 Constitui
1210 1428 1403 1489 nempe

339 1553 343 1557 ⁴
365 1487 488 1540 Deo
501 1483 707 1542 volente
720 1503 854 1561 opus
867 1485 1150 1561 quoddam,
1164 1493 1323 1562 inque
1337 1505 1401 1541 eo

369 1563 534 1630 varias
580 1563 827 1614 Virorum
881 1559 1302 1616 Dofflffimorum
1350 1564 1402 1614 '&

370 1631 894 1688 Praestantiffimorum
982 1631 1368 1694 observationes
1386 1674 1399 1695 ‚

370 1711 692 1762 narrationes
717 1710 768 1760 &
784 1705 1007 1777 judicia,
1043 1726 1158 1781 quae
1177 1706 1311 1762 mihi
1337 1707 1403 1762 ad

370 1796 590 1834 manum
598 1778 736 1842 sunt,
752 1780 978 1835 &tradlu
991 1785 1243 1853 temporis
1253 1779 1404 1853 pluri·

371 1870 497 1913 mae,
521 1866 580 1907 ut
598 1850 750 1926 spero
768 1893 783 1916 ,
803 1871 954 1908 erunt
969 1895 984 1915 ‚
1009 1871 1130 1908 cum
1145 1851 1269 1908 orbe
1290 1851 1401 1909 lite·

368 1943 482 1982 rato
531 1928 584 1979 δε
642 1923 940 1981 Christiano
988 1932 1398 1981 communicare.

370 2000 516 2053 Huic
547 1996 828 2053 candorem
865 2003 916 2052 δε
950 2013 1196 2053 conatum
1223 2016 1400 2052 meum

368 2068 503 2127 benc
538 2069 606 2126 de
651 2069 884 2133 humano
922 2089 1114 2145 genere
1163 2070 1399 2126 merendi

363 2142 639 2219 probatum
652 2148 713 2199 iri
729 2141 960 2199 confido.
998 2143 1234 2199 Omnem
1258 2149 1398 2200 enim

365 2215 502 2273 dabo
523 2234 740 2292 operam
755 2259 769 2280 ,
791 2234 850 2273 ut
872 2229 1022 2292 operi
1046 2216 1117 2273 illi
1143 2237 1256 2274 non
1286 2234 1395 2274 tan·

364 2307 482 2347 tum
497 2287 714 2364 Physica
724 2295 777 2346 &
790 2309 856 2346 ex
871 2290 1221 2347 Astronomiae
1242 2309 1397 2366 pene·

363 2362 579 2420 tralibus
616 2363 891 2439 depromta
912 2406 927 2428 ,
968 2364 1060 2438 sed
1092 2369 1144 2420 &
1180 2366 1401 2421 Politica

364 2442 417 2493 &
453 2437 678 2494 Motalia
712 2440 914 2512 aliaque
949 2444 1003 2495 in
1047 2444 1148 2495 vita
1173 2439 1400 2494 humana

367 2510 514 2566 utilia
538 2509 717 2573 insint,
745 2528 806 2566 ut
837 2517 909 2566 ita
941 2516 993 2565 &
1015 2511 1309 2582 jucundum
1348 2516 1400 2566 &

367 2582 495 2638 utile
507 2581 654 2638 simul
665 2579 766 2640 esse
775 2583 903 2658 poffi
908 2599 943 2639 t.
981 2585 1107 2658 Qa
1121 2583 1186 2639 de
1196 2603 1249 2650 re
1260 2603 1398 2639 men-

367 2664 575 2713 tionem
600 2654 705 2712 feci
726 2662 779 2713 in
819 2675 850 2712 c
889 2656 1038 2713 istola
1078 2656 1145 2713 ad
1178 2656 1398 2713 Clariffi·

366 2747 516 2785 mum
542 2729 838 2795 Johannem
948 2737 1117 2794 vium,
1140 2729 1398 2786 Sereniffi·

370 2822 464 2858 mo
505 2801 730 2858 Electori
761 2803 947 2859 Vestro
986 2805 1015 2859 a
1054 2802 1300 2859 Consiliis
1345 2809 1396 2859 &

364 2874 708 2933 Bibliothecis
733 2874 842 2931 heri
866 2877 1011 2939 data,
1034 2884 1183 2949 cujus
1219 2895 1394 2933 exem-

365 2951 514 3027 plum
537 2947 675 3005 hisce
711 2949 870 3006 literis
902 2951 1147 3027 adjungo.
1194 2955 1253 3006 In
1294 2970 1396 3027 qua

366 3032 529 3081 etiam
557 3021 756 3080 videbis
783 3043 870 3079 me
893 3025 1067 3081 Tuam
1087 3024 1393 3081 sententiam

363 3095 793 3226 quodammodo,
827 3102 1056 3155 veritatis
1090 3097 1395 3173 indagandae
1428 3161 1430 3163 ,

415 3170 569 3232 udio,
596 3175 742 3225 tueri.
785 3173 1043 3227 Caetetum
1073 3171 1310 3247 pluribus
1340 3174 1394 3229 id

367 3249 451 3318 egi
463 3248 518 3298 in
544 3241 761 3369 Ἧίίὶοία
784 3241 850 3298 ad
874 3249 1116 3301 Amicum
1141 3244 1392 3302 Hafnien·

364 3315 473 3372 sem
488 3316 570 3372 Ga
610 3313 688 3370 icc
708 3314 887 3389 scripta
903 3359 918 3379 ‚
938 3337 1093 3394 quam
1117 3335 1242 3376 tunc
1270 3339 1392 3376 cum

364 3388 698 3446 Nobiliffimo
711 3389 835 3445 Filio
849 3391 971 3447 Tuo
985 3435 998 3455 ,
1025 3408 1083 3448 ut
1104 3397 1155 3448 &
1175 3394 1395 3468 plurima

362 3462 491 3526 alia,
518 3479 703 3537 utpote
731 3481 849 3518 cum
875 3484 939 3521 eo
966 3483 1077 3522 utar
1099 3472 1289 3523 Amico
1314 3473 1391 3524 in-

362 3541 650 3614 tegerrimo
677 3578 691 3598 ‚
726 3546 1245 3597 communicaveram.
1282 3543 1394 3598 Feci

364 3626 542 3668 tamen
555 3609 611 3666 id
624 3608 762 3665 facio
802 3628 867 3665 ue
880 3619 1043 3687 magis
1065 3613 1391 3689 inquirendo,

400 3703 519 3741 uam
545 3684 741 3740 demon
790 3682 956 3740 rando
984 3692 1248 3743 veritatem
1270 3731 1283 3751 ,
1306 3693 1391 3744 cui

386 3758 457 3811 oli
470 3776 555 3813 me
561 3759 741 3829 judice
749 3757 1065 3815 conscientia
1073 3759 1253 3816 cedere
1275 3781 1388 3836 pro·

365 3828 528 3885 fiteor.
567 3832 748 3888 Tuum
761 3836 883 3895 erit,
900 3836 994 3887 Vir
1017 3832 1247 3909 undique
1262 3838 1392 3890 Prae-

365 3901 689 3968 stantiffime,
718 3924 806 3961 me
829 3910 1039 3981 meique
1058 3904 1245 3965 similes
1286 3926 1391 3963 am·

366 3977 504 4050 plius
545 3975 611 4032 de
638 3981 756 4035 Tua
790 3977 1052 4036 sententia
1088 3979 1392 4045 informare,

474 4149 530 4188 Ad
543 4149 741 4190 omninum
755 4154 826 4191 01·
840 4168 864 4192 τ
879 4166 979 4193 nor«
994 4167 1058 4194 υι

532 4201 637 4239 Gan
652 4214 701 4240 tc
717 4215 741 4240 x
759 4216 778 4242 ε
801 4205 996 4244 Consulem

582 4251 936 4304 magdeburgensem.

2393 313 2490 370 185

1471 411 1585 449 eam
1622 413 1689 449 ue
1724 398 1777 449 &
1809 391 2093 450 rationibus
2128 394 2288 452 firmis
2312 399 2364 451 δε
2398 394 2489 449 de-

1467 483 1590 520 mon
1643 466 1924 523 rationibus
1949 468 2154 525 invictis
2179 475 2380 525 munire
2413 483 2492 522 tu-

1461 554 1673 614 tamque
1684 540 1915 596 reddere.
1941 541 2082 596 Velis
2095 549 2251 597 etiam
2278 542 2402 596 mihi
2417 546 2491 595 in·
2504 559 2714 616 Apama.

1462 609 1630 667 dicare
1643 654 1656 675 ,
1687 633 1752 668 an
1769 612 1835 669 ad
1850 613 2212 686 probationem
2234 616 2365 669 Tuae
2379 614 2487 669 sen·
2505 609 2695 698 1222?-

1461 692 1641 739 tentiae
1666 684 1803 740 reste
1823 692 2075 742 variorum
2099 692 2342 743 Virorum
2369 689 2484 742 Cla·
2503 711 2668 759 Epigonis,

1463 755 1772 813 rissimorum
1825 756 2087 814 attulerim
2149 759 2661 823 sententiam‚Apiani.‚

1460 832 1705 903 Epigenis
1732 848 1884 904 puta,
1923 838 2144 906 Apiani,
2181 831 2409 887 Cardani
2434 813 2672 911 δεὲζᾏζῖῗ

1458 901 1724 977 Scaligeri‚
1760 922 1887 978 quas
1917 912 1972 960 in
2013 903 2230 978 epistola
2252 904 2489 974 adjuncta
2506 910 2718 963 nuper-fh·

1460 975 1719 1036 recenseo,
1757 976 1927 1031 Attuli
1949 983 1999 1032 in
2016 977 2147 1032 hanc
2172 996 2281 1032 rem
2297 981 2347 1031 &
2366 976 2483 1033 alibi
2503 961 2710 1021 Qum.-

2504 1024 2581 1051 Du!
2593 1021 2610 1052 Ῑ

1458 1046 1766 1104 sententiam
1817 1047 2162 1124 Theophrasti
2209 1049 2487 1111 Paracelsi,

1460 1128 1550 1195 qui
1565 1123 1735 1177 censet
1758 1124 2115 1196 tempestates,
2154 1139 2364 1185 ventos,
2387 1120 2482 1179 ful·

1463 1198 1603 1249 mina
1628 1237 1641 1258 ,
1678 1197 1951 1269 grandines
1972 1238 1986 1258 ,
2023 1212 2274 1270 tertaeque
2310 1212 2486 1252 motus

1464 1272 1674 1324 excitari
1701 1268 1730 1322 a
1757 1271 2025 1329 Daemone.
2065 1267 2151 1325 Ad
2214 1288 2332 1324 uam
2355 1288 2484 1325 con-

1462 1338 1765 1398 firmandam
1794 1342 1981 1398 adduci
2006 1341 2170 1416 potest
2233 1341 2403 1397 istoria
2424 1345 2482 1397 li-

1461 1411 1705 1470 berorum
1726 1415 1872 1481 Jobi,
1909 1416 2213 1489 tempestate
2238 1416 2268 1470 a
2299 1417 2486 1471 Satana

1464 1492 1713 1551 excitata,
1748 1492 1848 1544 Dei
1869 1488 2198 1563 permiffione
2221 1485 2486 1564 oppreffo-

1462 1575 1574 1615 rum
1590 1603 1604 1625 ‚
1642 1566 1694 1617 &
1738 1563 2013 1619 auctoritas
2045 1563 2144 1617 Scri
2187 1579 2309 1617 turae
2349 1563 2487 1617 Sata·

1460 1651 1580 1688 nam
1607 1637 1898 1710 Principem
1911 1641 1964 1690 in
1987 1637 2104 1690 aere
2163 1640 2488 1691 ominantem

1462 1706 1795 1780 appellantis,
1842 1708 2166 1783 adduCtaque
2205 1709 2235 1763 a
2269 1728 2356 1763 me
2393 1707 2484 1763 est.

1464 1780 1695 1836 Produxi
1730 1799 1859 1838 tunc
1893 1787 1946 1840 &
1976 1782 2283 1838 sententiam
2331 1779 2480 1855 Casp.
2506 1796 2722 1854 rmus&

1463 1854 1677 1912 Peuceri
1692 1859 1898 1923 &Joan.
1925 1854 2134 1916 Bodini‚
2158 1861 2247 1930 qui
2262 1854 2490 1927 statuunt
2509 1846 2688 1939 {³3:2⁰2

1462 1933 1741 1983 Daemonas
1762 1934 2008 2002 &genios
2032 1947 2269 2001 magnam
2285 1927 2488 2000 permis·
2506 1944 2684 1996 &mah

1461 1997 1517 2052 su
1530 1997 1709 2055 divino
1723 2040 1738 2060 ‚
1773 2005 1827 2054 in
1840 2003 1959 2055 a'e're
1973 2000 2181 2073 &super
2196 2015 2328 2055 terra
2344 2018 2480 2055 exer·
2503 1999 2618 2085 ἵζω
2626 2003 2676 2062 ῥ’,

1460 2089 1575 2126 cere
1594 2071 1919 2144 potestatem.
1961 2072 2133 2128 Velim
2156 2077 2368 2148 inquam
2396 2091 2482 2128 me
2499 2050 2725 2151 pmssfſjfss‘

1459 2149 1735 2201 certiorem
1749 2144 1958 2208 reddas,
1995 2164 2062 2201 an
2075 2144 2198 2202 talia
2219 2147 2407 2203 merito
2419 2145 2487 2202 ad
2505 2164 2602 2200 -zm
2611 2157 2688 2206 ⁰11-

1458 2218 1780 2292 probandam
1815 2221 1987 2276 Tuam
2007 2219 2315 2276 sententiam
2354 2235 2489 2277 attu-
2506 2213 2647 2244 mu.

1457 2293 1618 2348 lerim.
1654 2291 1715 2349 Id
1774 2292 1949 2349 uidem
1986 2311 2086 2422 eigo
2111 2312 2242 2350 reor.
2280 2293 2488 2370 Nempe

1459 2371 1579 2441 quia
1593 2367 1719 2422 Tua*
1755 2373 1989 2433 ententia
2037 2384 2115 2423 ert
2138 2367 2485 2444 tempestates,

1458 2459 1572 2514 quae
1584 2457 1781 2515 partem
1796 2443 1927 2497 a'e'ris
1935 2440 2155 2499 avulsam
2171 2483 2185 2504 ,
2197 2445 2249 2496 &
2261 2455 2319 2496 ut
2330 2441 2485 2496 Plinii

1462 2513 1628 2569 verbis
1654 2529 1766 2569 utar
1788 2515 1820 2568 l.
1844 2536 1892 2568 2.
1917 2522 2054 2581 c.48.
2091 2531 2383 2588 correptam
2410 2513 2487 2570 se-

1460 2605 1579 2640 cum
1592 2594 1648 2641 in
1672 2588 1857 2642 coelum
1869 2585 2093 2644 referant
2106 2630 2122 2652 ,
2145 2587 2487 2662 sorbeantque

1458 2663 1512 2714 in
1540 2658 1827 2722 excelsum,
1862 2664 1917 2714 in
1942 2679 2043 2734 qua
2068 2659 2278 2715 demum
2304 2659 2486 2715 hacta-

1459 2732 1557 2790 diis
1591 2732 1838 2788 solaribus
1860 2732 2145 2789 illuminata
2165 2775 2180 2797 ,
2211 2732 2374 2790 cauda
2397 2732 2485 2788 illa

1457 2808 1698 2861 Cometae
1710 2804 2065 2879 conspiciatur.
2104 2809 2269 2862 Porro
2284 2825 2368 2861 me
2380 2803 2488 2862 fine

1452 2877 1667 2936 consilio
1682 2883 1734 2934 &
1746 2897 1907 2953 opera
1923 2877 2228 2935 Nobiliffimi
2239 2878 2349 2937 Filii
2360 2879 2488 2942 Tui,

1454 2958 1757 3008 Amicorum
1807 2971 2047 3009 meorum
2090 2958 2320 3027 optimi,
2355 2950 2487 3008 nihil

1455 3035 1588 3084 circa
1602 3025 1891 3082 editionem
1915 3026 2149 3082 Tuarum
2173 3025 2487 3084 observatio·

1457 3119 1584 3157 num
1609 3097 1865 3162 fasturum
1893 3142 1906 3161 ‚
1934 3104 1986 3154 δε
2009 3118 2101 3173 per
2122 3105 2301 3156 omnia
2324 3099 2486 3155 fidem

1457 3180 1509 3231 δε
1540 3175 1821 3230 candorem
1853 3171 2141 3229 studiorum
2168 3169 2487 3229 officiorum-

1456 3265 1559 3324 que
1571 3264 1807 3302 meorum
1820 3247 2157 3319 probaturum
2170 3245 2315 3308 Tibi,
2343 3245 2485 3303 secu-

1455 3339 1571 3377 rum
1607 3335 1660 3375 te
1700 3315 1828 3381 esse,
1864 3319 2189 3394 Ampliffime
2223 3323 2484 3386 Domine,

1446 3393 1627 3467 jubeo.
1666 3391 1832 3468 Qod
1844 3394 2099 3469 reliquum
2113 3393 2206 3455 est,
2220 3394 2303 3449 Te
2322 3393 2481 3469 quam

1455 3465 1732 3524 diutissime
1743 3469 1886 3522 bono
1897 3466 2106 3542 publico
2124 3465 2274 3524 rebus
2285 3483 2479 3524 morta·

1450 3542 1576 3598 lium
1590 3537 1826 3598 interesse
1842 3584 1855 3603 ,
1889 3545 1941 3595 ὃς
1962 3559 2118 3616 quam
2130 3541 2267 3615 -pros
2294 3535 2479 3596 errime

1451 3633 1572 3671 cum
1585 3613 1828 3671 omnibus
1842 3615 1974 3670 Tuis
1982 3620 2036 3668 in
2050 3612 2147 3668 hac
2226 3617 2236 3627 “
2260 3618 2481 3668 eriarum

1452 3688 1682 3747 convalle
1706 3706 1858 3764 agere
1873 3730 1886 3750 ,
1922 3706 1981 3743 ac
2010 3686 2240 3761 pluribus
2274 3684 2480 3744 excelsae

1453 3770 1646 3819 mentis
1686 3764 2046 3818 monumentis
2082 3758 2265 3815 orbem
2311 3760 2477 3815 litera-

1453 3841 1588 3892 rium
1603 3853 1850 3892 exornare
1862 3833 2237 3910 &locupletare
2250 3875 2264 3897 ,
2274 3848 2333 3889 ut
2342 3833 2476 3889 sum-

1452 3927 1572 3965 mus
1607 3928 1777 3966 rerum
1814 3906 2111 3965 moderator
2136 3908 2280 3971 velit,
2317 3912 2474 3981 cupio

1455 4002 1523 4038 ex
1537 3986 1730 4038 animo.

1417 4121 1710 4198 Ampltffmae
1739 4125 1851 4176 Tuae
1879 4124 2130 4197 Dignitati

1518 4206 1634 4245 Omni
1647 4206 1762 4245 studio
1769 4232 1782 4250 .
1795 4206 1893 4245 cultu
1903 4209 1940 4247 ὰ
1949 4203 2069 4244 officio
2076 4201 2329 4241 nddiffiffimm

1778 4267 2034 4332 Stanillaus
2056 4265 2399 4323 Labienietzki.

1484 4435 1534 4485 A
1548 4448 1579 4485 a
2325 4430 2474 4522 pag.
