3068 4718
1072 251 2228 346 DEDICATIO.

595 426 779 481 cum
808 395 1032 477 rebus
1066 460 1089 494 ,
1141 415 1513 502 tanquam
1541 384 1919 474 affinitate
1933 386 2282 582 quadam
2307 386 2528 470 dueti
2553 453 2578 488 ‚
2602 390 2720 474 di.

594 517 864 593 vinam
894 504 1482 588 aemulationem
1522 501 1773 583 amica
1799 530 1885 581 ac
1970 501 2240 582 alutari
2285 500 2719 586 altercatio-

592 655 697 707 ne
739 642 1152 706 exerceant
1177 683 1200 717 ,
1247 647 1333 698 ac
1357 674 1381 706 ,
1427 645 1601 731 quae
1647 618 1941 697 caeteris
1992 613 2460 697 mortalibus
2488 615 2723 699 ardua

593 737 742 820 fint
765 757 997 850 atque
1018 730 1391 817 inaccessa
1416 798 1442 832 ‚
1491 727 1655 812 haec
1694 726 1838 811 fibi
1886 726 2143 810 facilia
2169 730 2263 814 &
2285 732 2550 841 pervia
2576 727 2723 811 effe

593 848 1041 934 existiment
1066 904 1088 938 ,
1146 848 1240 931 &
1262 843 1410 927 fibi
1458 842 1643 926 solis
1671 844 2104 956 gloriaeque
2150 839 2298 924 suae
2343 841 2723 928 reservata

589 990 967 1078 tanquam
994 967 1079 1044 in
1101 961 1326 1048 lucro
1350 956 1757 1072 deputent.
1820 956 2064 1040 Plena
2108 984 2444 1069 operum
2467 980 2724 1041 tanto-

588 1107 762 1162 rum
789 1102 1018 1192 atque
1043 1071 1693 1160 admirandorum
1716 1074 1982 1155 omnis
2009 1074 2379 1154 omnium
2415 1094 2726 1185 tempo-

589 1222 765 1276 rum
806 1190 1125 1275 historia
1162 1187 1267 1273 est
1293 1256 1315 1289 ‚
1375 1187 1543 1270 tam
1589 1215 1859 1269 recens
1884 1252 1907 1286 ,
1954 1188 2194 1299 quam
2218 1189 2563 1300 antiqua.
2625 1189 2726 1274 Id

589 1311 807 1389 enim
855 1329 1158 1388 eertum
1203 1302 1308 1385 est
1335 1370 1357 1404 ,
1410 1297 2031 1415 Antiquiffimos
2060 1297 2416 1414 quosque
2454 1302 2581 1382 Re
2640 1333 2731 1387 es·

585 1417 685 1502 eo
711 1422 954 1506 animi
980 1442 1210 1530 atque
1235 1416 1570 1499 audaciae
1595 1415 2052 1528 ρῑονεθεοε,
2072 1438 2157 1497 ut
2179 1437 2538 1498 mentem*
2587 1420 2728 1501 ub-

585 1531 906 1615 limibus
958 1528 1570 1613 commodarent
1599 1594 1620 1627 ‚
1670 1533 1759 1614 &
1803 1528 2060 1611 Coelo
2106 1527 2247 1642 ipfi
2288 1527 2728 1642 impensam

581 1644 950 1728 facerent.
1019 1643 1396 1754 Qorum
1418 1646 1718 1728 Virtute
1762 1671 1848 1723 ac
1871 1640 2132 1724 studio
2178 1640 2556 1726 effestum
2583 1644 2719 1747 est,

586 1784 702 1860 ut,
731 1788 901 1873 quae
925 1757 1147 1872 supra
1173 1756 1353 1842 Nos
1382 1823 1404 1857 ,
1434 1779 1596 1839 tam
1616 1752 2027 1868 profundo
2052 1754 2392 1869 laqueari
2416 1752 2726 1873 suspen-

583 1873 659 1956 sa
683 1939 705 1971 ,
757 1903 925 1955 non
955 1872 1208 1955 oculis
1247 1895 1559 1953 tantum
1588 1936 1612 1970 ,
1661 1869 1795 1953 sed
1844 1870 2247 1953 mentibus
2291 1869 2725 1984 spectaren-

580 2012 705 2071 tur
731 2053 755 2086 ‚
806 1991 897 2071 &
925 2012 1357 2098 corporum
1380 1982 1776 2096 stupendae
1802 1983 2041 2066 molis
2070 2007 2302 2098 atque
2326 1993 2722 2098 magnitu-

582 2101 828 2200 dinis,
855 2097 1258 2198 distantiae‚
1284 2120 1550 2180 motus
1570 2163 1594 2197 ,
1621 2095 2382 2211 revolutionumque
2404 2103 2718 2206 itinera,

582 2215 1057 2298 docerentur
1094 2244 1110 2290 :
2052 2272 2057 2275 1

695 2322 984 2405 Nostra
1027 2350 1354 2437 quoque
1397 2341 1762 2433 tempor-a
1787 2386 1811 2421 ,
1863 2348 2056 2435 quas
2094 2350 2267 2405 non
2289 2323 2720 2426 ostendunt

580 2441 1117 2527 Maximorum
1139 2437 1524 2545 Princtpum
1548 2436 2043 2537 molitionCS‚
2073 2464 2172 2516 ex
2199 2439 2374 2520 Suis
2383 2505 2408 2539 ,
2434 2442 2567 2524 Vel
2591 2445 2719 2524 Sa-

581 2556 945 2664 pientum
970 2548 1294 2633 illorum
1319 2606 1343 2648 ‚-
1396 2577 1600 2662 quos
1649 2557 1860 2631 circa
1908 2543 1984 2630 se
2022 2547 2319 2634 habent
2345 2618 2369 2652 ‚
2416 2552 2717 2638 divinis

580 2663 1277 2776 descriptionibUS‚
1302 2663 1810 2776 ipsorumque
1842 2661 2138 2748 Studiis
2161 2721 2184 2755 ,
2207 2663 2590 2779 susceptas
2620 2670 2717 2756 &

584 2777 684 2861 ad
707 2776 1063 2860 inaudita
1086 2775 1416 2860 direstas
1441 2834 1465 2867 ‚
1509 2776 1795 2890 quibus
1821 2800 2137 2859 motum
2160 2844 2184 2877 ‚
2209 2783 2486 2881 vitam,
2518 2786 2715 2887 vim,-

464 2940 468 2941 ν
587 2900 1110 3005 vigoremque
1170 2919 1500 2973 omnem
1562 2888 2034 2973 authoritate
2080 2891 2518 3007 opibusque
2557 2892 2729 2981 suis'

584 3007 946 3086 tribuunt
973 3072 996 3106 ,
1046 3002 1384 3087 successu
1429 3006 1806 3116 exituque
1831 3033 1931 3085 ex
1958 3000 2102 3086 affe
2126 3005 2654 3118 respondente
2682 3025 2708 3094 ἒ

587 3117 876 3229 Neque
896 3115 1285 3218 deest‚nec
1302 3117 1546 3201 deerit
1562 3113 1682 3197 his
1710 3119 2016 3229 magnis
2034 3117 2299 3202 Terrae
2323 3123 2710 3206 Dominis

585 3228 811 3323 huius
840 3229 1073 3313 studii
1100 3254 1331 3344 atque
1348 3232 1704 3313 exercitii
1726 3234 2049 3313 materia
2075 3231 2241 3316 ullo
2255 3233 2711 3351 veltempo-

584 3372 666 3423 re
691 3408 714 3441 ,
758 3341 888 3426 vel
912 3339 1176 3423 seculo
1200 3410 1225 3441 ‚
1254 3341 1494 3457 usque
1527 3342 1625 3423 ad
1651 3344 2126 3426 Extremum
2148 3344 2383 3429 diem.
2443 3350 2714 3433 Multa

586 3458 801 3535 enim
823 3454 1176 3539 &nobis
1203 3521 1226 3555 ‚
1257 3460 1348 3541 &
1375 3453 1698 3569 posteris
1722 3455 1999 3540 nostris
2020 3463 2105 3544 in
2128 3486 2385 3542 rerum
2408 3485 2712 3554 natura-

584 3567 782 3648 lium
802 3566 1418 3678 perscrutatione
1439 3565 1591 3653 effe
1614 3567 1988 3656 reservata
2015 3638 2037 3672 ,
2067 3598 2308 3657 nemo
2321 3570 2560 3659 facile
2587 3583 2710 3661 in-

584 3679 801 3762 ficias
826 3681 995 3763 ibit.
1022 3680 1343 3765 Testem
1367 3682 1733 3795 produco
1760 3681 2338 3799 Philosophum
2367 3690 2460 3773 &
2490 3693 2708 3774 Rhe-

584 3816 843 3875 torem
869 3798 1197 3890 Senecam,
1223 3793 1362 3878 hac
1388 3794 1490 3879 de
1512 3827 1593 3880 re
1618 3795 1856 3910 Epist.
1885 3827 1986 3887 33.
2010 3803 2116 3882 ita
2151 3797 2654 3888 differentem
2680 3840 2700 3887 τ

692 3958 829 4072 Qi
853 3962 1020 4040 Ante
1039 3992 1144 4039 nos
1166 3967 1286 4042 iffa
1309 3989 1667 4061 monuerunt
1691 4033 1716 4068 ³
1754 3997 1870 4046 non
1892 3963 2118 4047 domini
2143 3967 2359 4076 nostri,
2374 3969 2509 4081 [ἑά
2522 3969 2700 4052 duces

781 4071 946 4179 fiaent
990 4106 1015 4151 .·
1056 4079 1265 4155 ‘Patet
1313 4076 1586 4161 omnibus
1628 4103 1870 4159 verttas
1897 4145 1921 4181 ‚
1957 4077 2217 4160 nondum
2262 4091 2354 4165 eff
2380 4107 2691 4201 occupata.

801 4186 994 4269 M
987 4185 1180 4266 ultum
1203 4218 1285 4268 ex
1306 4189 1412 4269 illa
1429 4196 1616 4274 etiam
1613 4192 1873 4306 fhturis
1894 4191 2176 4274 reliilum
2194 4192 2301 4303 cst.

2427 4362 2690 4466 Hujus
