3068 4718
595 203 697 262 178
1178 185 2161 257 L1BERQU1NTus,

652 285 875 364 thuod
897 301 1064 361 partes
1076 283 1172 341 illae
1196 282 1423 339 obscurae
1446 287 1498 337 in
1515 283 1620 335 Lu·
1682 279 1947 352 ejusmodi
1965 300 2024 336 ac
2039 280 2291 338 editiores
2301 278 2384 338 vel
2399 282 2595 358 asperas
2607 279 2739 340 den-

576 382 670 425 na,
709 361 842 418 nihil
856 360 994 416 aliud
1008 378 1163 435 quam
1178 377 1323 433 aquae
1338 355 1458 417 sint,
1482 373 1624 429 argu·
1682 358 2023 430 ticulatasque
2045 362 2322 429 portiones
2347 361 2640 413 eminenter
2671 357 2731 412 il·

579 454 763 493 mento
790 435 864 490 est
899 434 1103 510 insuper
1133 474 1146 495 ‚
1180 429 1327 506 quod
1351 430 1626 503 telescopia
1681 428 1996 490 luminatas,
2015 429 2280 496 indicent,
2299 426 2447 485 sicuti
2485 435 2539 485 in
2566 431 2735 507 plagis

574 531 683 566 non
710 516 780 566 ita
792 515 845 564 in
873 508 981 565 illas
1010 506 1243 581 undique
1272 502 1627 560 anfractuosas
1654 505 1658 547 ἕ
1680 501 1867 560 lucidis
1883 502 2182 559 ostendunt.

1296 678 1345 732 C
1395 691 1438 731 A
1490 692 1522 732 P
1577 692 1617 731 υ
1678 691 1718 731 τ
1808 679 1982 732 XIX,

1355 817 1445 879 (De
1492 812 1659 874 Lunae
1700 814 1940 875 Latione.

785 1062 925 1102 mate
948 1041 1146 1099 Mundi
1159 1060 1274 1118 pag.
1293 1045 1624 1116 173.inquit:
1680 1040 1871 1100 fertur,
1907 1041 2054 1116 quod
2078 1043 2163 1096 hic
2198 1040 2413 1098 lationis
2435 1055 2615 1096 motus
2640 1059 2732 1096 eo-

785 1130 887 1176 Nos
910 1124 1092 1187 nescire
1130 1121 1315 1186 causam
1341 1159 1354 1179 ,
1392 1135 1497 1191 quae
1533 1126 1622 1170 Lu·
1681 1113 1802 1170 dem
1827 1114 2025 1178 modo,
2054 1126 2240 1172 virtute
2261 1112 2564 1193 impulsiva,
2590 1115 2733 1172 Tro-

319 1173 526 1262 ἶῖζῗῖῗὲἶι“
569 1202 751 1252 namin
786 1216 955 1273 gyrum
994 1198 1119 1248 circa
1155 1195 1356 1246 Terram
1395 1205 1621 1252 moveat,
1676 1188 1793 1265 pice
1807 1207 1865 1246 ut
1878 1189 2351 1247 Planetarumlatio
2372 1231 2385 1250 ‚
2407 1190 2732 1264 perficiatur3

319 1273 497 1325 &waste
570 1275 665 1327 ὅτε.
732 1271 876 1326 Sicut
915 1283 1091 1324 autem
1126 1265 1295 1322 Terra
1340 1269 1392 1321 &
1431 1283 1622 1322 omnes
1678 1270 1755 1319 uti
1769 1282 1866 1340 cap.
1885 1263 2515 1323 antecedenti16.&lib.6.
2534 1282 2666 1342 cap.1
2681 1286 2731 1321 1.

315 1331 418 1418 ᾖξ’*
433 1333 513 1366 Τ”·
564 1345 794 1400 Planerae
833 1344 864 1397 a
900 1343 1039 1395 Solis
1084 1339 1363 1395 virtutibus
1398 1347 1619 1396 circum·
1678 1336 1919 1396 diximus·
2924 1406 2935 1417 -

560 1418 801 1474 seruntur
827 1458 841 1480 ,
879 1419 932 1470 &
969 1419 1161 1470 iterum
1217 1414 1493 1470 Saturnum
1529 1416 1618 1479 Jo-
1750 1415 1994 1470 Volvitur
2009 1419 2080 1469 ita
2119 1432 2186 1469 ue
2210 1411 2726 1471 Lunamenstruala·
2751 1408 2975 1501 cm

566 1511 792 1569 vemque
830 1508 1015 1547 eorum
1051 1489 1218 1544 Sociae
1239 1487 1327 1544 seu
1358 1485 1619 1544 Satellites
1675 1500 1825 1542 tione
1868 1496 1970 1555 29}
2006 1487 2090 1545 die
2130 1506 2189 1544 us
2214 1489 2245 1545 ὲ
2278 1489 2589 1565 Terraqueo
2633 1507 2726 1545 no·
2751 1509 2901 1553 arm„

561 1569 801 1623 ambiunt
838 1590 853 1631 ;
902 1561 970 1619 fic
1021 1581 1239 1640 quoque
1293 1560 1616 1616 concluden·
1675 1558 1781 1615 stro
1817 1562 1974 1637 globo
2001 1605 2016 1627 ‚
2053 1580 2146 1636 per
2182 1581 2342 1640 quam
2369 1561 2631 1621 lationem
2668 1560 2731 1619 fi-

560 1639 689 1696 dum
714 1640 782 1698 de
818 1643 971 1696 Luna
1008 1654 1259 1712 tanquam
1293 1636 1472 1691 Terrae
1494 1632 1619 1691 affe·
1675 1634 1787 1689 mul
1819 1639 1971 1691 Luna
1993 1636 2131 1693 Solis
2157 1637 2339 1693 lumen
2365 1643 2588 1712 recipit,
2620 1655 2731 1713 quo

560 1713 654 1770 cla.
729 1715 868 1771 Nam
915 1717 1039 1789 quia
1072 1709 1361 1768 secundarii
1409 1709 1464 1764 hi
1501 1711 1616 1764 Pla·
1672 1707 1820 1785 aeque
1866 1729 1926 1766 ut
1972 1710 2162 1766 Tellus
2226 1710 2501 1768 succeffive
2550 1725 2734 1768 tamen

560 1807 701 1845 netae
733 1804 953 1865 propter
986 1786 1131 1842 suam
1159 1789 1465 1861 parvitatem
1503 1802 1614 1839 non
1671 1783 1866 1857 gaudet
1891 1789 1943 1839 &
1963 1803 2224 1842 recreatur
2249 1825 2264 1848 ,
2338 1783 2448 1840 uod
2471 1784 2734 1863 perpetuo

558 1864 678 1920 sunt
705 1870 759 1919 in
801 1863 976 1920 debita
1017 1865 1069 1916 &
1106 1859 1506 1935 proportionata
1529 1878 1614 1914 or·
1673 1877 1785 1913 uno
1853 1861 2029 1935 aliquo
2082 1857 2242 1916 latere
2319 1858 2554 1917 ustinere
2614 1877 2730 1917 non

562 1937 643 1993 bis
681 1943 886 1994 virtutis
910 1936 1051 1992 Solis
1074 1939 1293 2008 regione
1315 1974 1329 1995 ,
1367 1951 1477 1988 non
1517 1938 1613 1988 cir-
1669 1932 1841 2006 poffit.
2798 1994 2806 2003 ι
2855 1993 2866 2005 ·

560 2009 920 2068 cumferuntur
952 2010 982 2063 a
1017 2007 1137 2064 Sole
1162 2050 1175 2070 ,
1211 2006 1300 2061 sed
1328 2007 1357 2060 ἐι
1394 2005 1610 2062 Planeta
1742 2006 2013 2082 Qaelibet
2035 2024 2214 2063 autem
2238 2006 2353 2064 dies
2375 2013 2433 2062 in
2458 2010 2612 2065 Luna
2631 2005 2726 2065 du·
2748 1995 2980 2085 332?

559 2085 652 2140 suo
666 2093 948 2158 primario,
984 2087 1058 2138 ita
1086 2096 1144 2137 ut
1155 2084 1311 2134 Latio
1340 2077 1607 2154 periodica
1663 2095 1742 2134 rat
1770 2080 2013 2135 semestre
2039 2081 2265 2168 spatium
2302 2081 2396 2137 seu
2417 2080 2722 2139 nostrorum
2747 2095 2940 2142 nostrorum

555 2161 749 2223 Lunae,
772 2160 947 2214 eidem
971 2158 1392 2211 communicetur
1419 2152 1450 2206 a
1473 2153 1603 2208 Ter·
1662 2149 1866 2208 dierum
1897 2176 1918 2208 1
1934 2150 2100 2217 5fere,
2168 2151 2280 2211 uod
2293 2152 2442 2231 aeque
2467 2153 2535 2210 de
2562 2157 2724 2214 nocte
2745 2149 2885 2191 ’ΜΨ
2902 2159 2962 2200 ¹5·

555 2251 752 2308 raqueo
778 2231 941 2307 globo
966 2248 1057 2305 per
1085 2243 1291 2284 motum
1322 2232 1435 2297 ejus
1465 2225 1602 2282 diur-
1661 2225 2136 2301 Lunariintelligen
2177 2231 2725 2292 um.1nterim,etiam-

552 2326 700 2362 num.
767 2310 829 2360 In
869 2301 1133 2375 ejusmodi
1169 2305 1312 2355 enim
1350 2299 1613 2364 distantia,
1663 2297 1700 2352 fi
1725 2302 1877 2355 Luna
1901 2299 1965 2355 ab
1980 2319 2084 2355 una
2100 2318 2355 2375 partepet
2375 2301 2443 2357 ali
2482 2319 2579 2359 uot
2605 2303 2725 2364 dies

552 2380 656 2454 quai
677 2383 829 2434 Luna
853 2378 884 2432 a
906 2375 1030 2432 Sole
1051 2374 1195 2432 abest
1219 2416 1233 2436 ,
1282 2374 1494 2446 Sphaera
1517 2381 1611 2429 vir·
1666 2373 1804 2428 Solis
1829 2372 1985 2428 radiis
2005 2374 2263 2428 continue
2284 2374 2431 2446 subje
2535 2377 2624 2440 sit,
2645 2395 2722 2437 ta-

553 2460 684 2509 tutis
712 2453 849 2509 Solis
864 2469 976 2507 non
1003 2467 1110 2505 tam
1133 2447 1286 2504 fortis
1302 2446 1406 2509 est,
1430 2463 1489 2502 ut
1503 2448 1608 2502 Lu·
1664 2464 1790 2501 men
1839 2462 1984 2503 extra
2046 2447 2472 2505 combustionem
2523 2469 2721 2517 manet,

550 2544 670 2581 nam
699 2541 950 2602 tanquam
987 2541 1180 2599 corpus
1243 2539 1426 2578 arvum
1461 2563 1474 2583 ,
1513 2526 1607 2577 cir·
1664 2525 1787 2595 quia
1812 2520 1889 2578 est
1916 2536 2060 2578 extra
2081 2519 2264 2578 orbem
2297 2541 2591 2600 congruum
2621 2532 2719 2583 vir-

548 2598 864 2658 cumvehere
892 2604 944 2655 &
965 2597 1166 2655 Telluri
1236 2595 1473 2652 etrahere
1487 2594 1606 2669 pos-
1664 2601 1791 2652 tutis
1818 2595 1952 2651 Solis
1975 2613 2034 2652 ut
2057 2595 2314 2660 diximus,
2353 2601 2446 2654 ubi
2471 2599 2566 2655 Sol
2591 2617 2719 2677 ope-

549 2671 623 2731 fit.
1627 2654 1896 2735 'rationes
1929 2670 2044 2729 suas
2074 2671 2161 2727 seu
2198 2671 2427 2731 calorem
2462 2714 2477 2735 ‚
2509 2678 2566 2729 in
2603 2694 2720 2751 par·

622 2744 736 2803 Effe
759 2763 936 2804 autem
960 2755 1018 2803 in
1043 2745 1260 2802 Tellure
1286 2743 1424 2800 hanc
1444 2749 1602 2800 virtu·
1659 2762 1785 2801 vum
1801 2744 1901 2801 tale
1915 2764 2104 2821 corpus
2118 2765 2218 2801 ceu
2239 2749 2391 2803 Luna
2404 2747 2481 2805 est
2495 2791 2510 2814 ‚
2531 2749 2602 2804 ob
2614 2756 2717 2806 im-

552 2841 660 2880 tem
683 2823 857 2878 secum
893 2818 1123 2878 vehendi
1161 2823 1368 2875 Lunam
1394 2861 1407 2881 ,
1443 2836 1602 2894 appa·
1657 2825 2112 2893 proportionatam
2138 2818 2464 2883 distantiam,
2500 2829 2714 2880 nonita

546 2917 625 2954 ret
673 2894 825 2953 simul
866 2916 932 2953 ex
971 2896 1131 2971 globo
1164 2894 1262 2950 isto
1294 2891 1598 2968 sulphureo,
1657 2898 1957 2967 imprimere
1971 2892 2174 2968 potest,
2197 2891 2395 2951 ficutin
2419 2895 2710 2960 Tellurem,

551 2972 618 3029 de
640 2990 747 3047 quo
771 2970 857 3025 lib.
875 2991 927 3038 4.
954 2987 1052 3047 cap.
1073 2992 1096 3024 1
1111 2990 1170 3034 53
1193 2973 1283 3044 qui
1305 2968 1597 3044 plumulam
1659 2975 1825 3039 majus
1838 2966 1937 3022 scil.
1957 2984 2146 3044 corpus
2174 2971 2226 3022 δι
2243 2967 2497 3026 distantiae
2508 2970 2609 3026 suae
2621 2969 2710 3027 de-

545 3043 709 3103 libere
730 3053 786 3102 in
804 3053 922 3103 aere
947 3045 1298 3121 pendentem,
1321 3048 1375 3099 in
1385 3039 1485 3097 suae
1498 3048 1595 3099 vir·
1655 3038 1764 3097 bito
1788 3042 1957 3098 modo
1990 3050 2486 3118 proportionatum,
2513 3042 2709 3102 haben·

546 3127 677 3178 tutis
713 3118 841 3177 orbe
875 3139 969 3196 per
1008 3136 1182 3175 totum
1220 3117 1470 3174 conclave
1505 3123 1600 3173 cir·
1656 3130 1775 3171 tem.

546 3198 807 3250 cumcirca
830 3192 966 3251 ferre
994 3192 1183 3268 potest.
1256 3190 1418 3249 Unde
1441 3190 1602 3266 porro

569 971 765 1156 G
784 968 1000 1027 Alilaeus
1022 972 1076 1024 in
1101 964 1313 1042 dialogo
1351 965 1421 1022 de
1449 965 1623 1040 Syste-
1648 977 1653 1066 Ι
1681 962 1836 1022 facile
1859 965 2212 1041 colligendum
2230 1005 2245 1029 ,
2269 962 2309 1020 si
2333 966 2489 1021 Luna
2512 968 2729 1023 circum-

346 1119 517 1173 μιαιφο-

1297 3366 1348 3421 C
1399 3381 1443 3422 A
1494 3382 1528 3423 P
1580 3380 1626 3422 υ
1677 3378 1720 3420 Τ
1795 3366 1941 3420 XX.

1357 3515 1445 3575 De
1492 3512 1657 3575 Lunae
1703 3511 1881 3574 Motu.

302 3762 413 3796 Mm-
723 3766 942 3822 Terram
969 3764 1142 3822 versus
1176 3763 1334 3819 habet
1369 3804 1383 3824 ,
1420 3767 1595 3838 itaque
1620 3736 1625 3874 ἑ
1650 3762 1754 3827 est.
1799 3785 1944 3826 eam,
1981 3781 2040 3820 ut
2079 3766 2408 3838 Peripatetici
2494 3779 2699 3826 atuunt,
2720 3750 2900 3842 {hffifi‘

725 3856 864 3895 caret
898 3856 1052 3895 motu
1085 3842 1353 3913 vertiginis
1391 3841 1443 3892 &
1470 3855 1593 3892 con·
1621 3835 1751 3902 ,effe
1789 3835 1999 3894 affixam
2026 3844 2066 3893 E
2108 3838 2312 3913 icyclo;
2346 3856 2472 3894 nam
2510 3836 2548 3893 fi
2572 3832 2698 3894 effet

543 3912 820 3989 sequenter
857 3919 1007 3969 omni
1043 3929 1195 3968 motu
1221 3955 1234 3974 ,
1271 3916 1395 3987 quia
1441 3912 1591 3967 latio·
1617 3906 1624 3990 ξ
1646 3909 1804 3966 affixa
1861 3858 2113 3987 Epicycllo
2162 3910 2312 3968 alicui
2349 3955 2362 3975 ,
2411 3910 2696 3969 necessario

544 4005 669 4042 nem
736 3986 948 4063 proprie
1002 4003 1209 4042 motum
1269 4003 1378 4040 non
1441 4004 1594 4042 voca·
1617 3992 1622 4054 ξ
1644 3983 1837 4041 faciem
1889 3995 2108 4044 variaret
2158 3983 2285 4040 dum
2335 3985 2555 4044 serretur
2604 3994 2696 4042 cir·

546 4077 689 4123 mus,
725 4067 803 4117 uti
840 4078 937 4137 cap.
971 4080 1053 4126 15,
1091 4059 1158 4116 de
1195 4062 1356 4115 Motu
1393 4057 1703 4135 diciumfca
1758 4076 1996 4116 centrum
2062 4060 2134 4115 sui
2184 4063 2418 4136 Epicycli
2452 4103 2466 4124 ,
2524 4066 2578 4116 &
2636 4060 2694 4116 il-

547 4133 638 4188 est.
1639 4133 1688 4188 la
1720 4151 1839 4210 pars
1885 4139 2116 4210 corporis
2168 4135 2391 4193 Lunaris
2441 4155 2559 4213 quae
2603 4133 2694 4191 ali-

620 4210 759 4262 Cum
811 4224 984 4265 autem
1033 4210 1186 4264 Luna
1235 4207 1434 4281 semper
1487 4223 1590 4263 nos
1640 4206 1858 4282 quando
1910 4225 2058 4263 tenet
2109 4204 2382 4266 dexterum
2431 4252 2445 4272 ,
2499 4207 2695 4335 eodffm

2558 4300 2588 4335 a
2632 4298 2693 4335 ro

301 3713 401 3745 zm
431 3715 523 3745 cam
545 3690 852 3873 LUna
897 3691 1098 3769 semper
1135 3686 1355 3745 eandem
1406 3685 1594 3744 faciem
1621 3691 1626 3733 i
1649 3687 1896 3766 adspiciat
1925 3688 2118 3746 eodem
2152 3687 2300 3748 vultu
2336 3732 2350 3754 ,
2385 3695 2458 3744 im
2497 3686 2700 3745 offibile
2746 3702 2933 3743 Lunam
