3068 4718
168 871 279 904 Locus

142 969 241 1019 qnid.

132 1611 306 1709 23⁴7?

1056 237 1169 294 Dr:
1222 237 1945 294 Vacuosparto.

398 351 514 395 rum
538 332 862 413 Sphaerarum
896 355 1012 413 quae
1042 338 1159 394 sunt
1187 344 1319 392 circa
1340 336 1434 390 So-

398 413 520 466 lem.
550 413 655 468 Ubi
666 430 841 468 autem
857 411 984 466 Sol?
1007 408 1314 485 Respondet
1326 411 1432 465 Co-

434 490 639 542 ernicus
667 508 680 538 ε
726 491 781 540 in
819 483 1001 540 medio
1040 483 1194 555 hujus
1217 480 1428 538 Mundi.

394 502 502 613 {rbi
527 576 702 614 autem
726 558 999 614 Mundus?
1034 554 1328 631 Responfio
1344 556 1430 611 da-

393 629 531 686 bitur
543 630 677 687 infra
699 630 827 687 libro
842 654 890 695 7.

465 710 641 779 Atque
664 702 734 760 fic
746 704 812 762 de
836 708 1016 760 Loco
1039 703 1125 759 seu
1136 700 1266 764 vbi,
1300 702 1431 758 sem-

389 791 485 851 per
497 777 670 852 potest
682 784 839 855 quaeri
851 778 1090 839 ulterius;
1128 778 1337 831 Interim
1359 791 1431 830 ta-

302 878 367 905 m
391 867 515 905 men
541 855 585 905 L
600 864 640 907 o
664 865 700 907 c
719 866 760 907 U
777 866 805 906 s
841 869 934 926 per
959 849 1013 904 se
1024 847 1157 904 nihil
1177 848 1311 905 reale
1337 847 1429 911 est,

275 930 295 955 ‘
391 921 485 977 nisi
502 942 597 981 ens
620 931 833 980 rationis
856 922 957 979 five
972 928 1074 978 ima
1111 927 1333 978 inarium
1347 923 1430 980 vel

391 996 695 1054 Relativum
707 996 861 1072 quid,
895 995 1070 1071 Respe
1125 1014 1213 1051 um
1225 994 1431 1071 semper

391 1069 458 1125 ad
472 1069 615 1126 aliud
638 1072 764 1147 quid
783 1114 797 1135 ,
822 1086 911 1125 tan
951 1088 1070 1125 uam
1094 1067 1243 1124 suum
1261 1087 1430 1125 corre-

388 1144 551 1200 latum
577 1142 664 1200 seu
691 1144 868 1200 corres
895 1090 1122 1201 ecghvum
1154 1184 1167 1205 ,
1202 1141 1429 1199 habens:

391 1216 609 1291 dempto
623 1235 732 1272 uno
744 1260 758 1280 ,
775 1163 978 1277 tolfitur
989 1218 1209 1273 alterum
1221 1257 1236 1279 ,
1251 1215 1431 1291 demp-

387 1307 444 1345 to
471 1293 646 1346 locato
664 1333 677 1354 ,
702 1290 903 1348 tollitur
931 1291 1079 1347 locus
1103 1296 1217 1362 ejus
1239 1295 1292 1346 &
1314 1300 1430 1347 vice

384 1365 544 1421 versa.

1551 336 1610 389 In
1647 332 1838 390 Nostra
1867 333 2162 390 sententia'z
2199 340 2398 410 Tempus
2435 260 2512 392 dl}

1477 404 1807 462 Mensuratio
1842 404 2134 463 durationis
2166 408 2394 470 Rerum,
2434 408 2510 464 se-

1479 478 1712 536 cundum
1726 478 1933 536 cursum
1954 496 2133 535 earum
2154 486 2287 538 circa
2297 481 2477 538 Solem
2494 504 2509 535 ι

1476 561 1572 608 Ex.
1630 574 1672 607 r.
1710 552 1916 610 duratio
1935 551 2164 609 Telluris
2195 595 2211 619 ,
2256 556 2511 612 mensura-

1474 641 1559 682 tur
1616 625 1878 682 ecundum
1912 631 2023 695 eius
2043 627 2246 683 cursum
2283 628 2513 684 Periodi-

1475 717 1595 754 cum
1620 700 1701 755 vel
1729 718 1963 756 annuum
1987 704 2120 757 circa
2142 700 2317 757 Solem
2339 743 2352 763 ,
2400 720 2515 777 quae

1474 773 1786 830 mensuratio
1800 778 1998 849 Tempus
2014 789 2227 832 vocatur
2238 779 2290 830 &
2303 792 2397 849 per
2408 782 2516 831 An-

1475 865 1577 903 nos
1589 846 1934 923 distinguitur.

1553 923 1613 975 In
1635 919 1790 978 rebus
1814 918 1882 976 ad
1905 919 2175 976 Tellurem
2208 926 2514 995 pertinenti-

1475 991 1572 1050 bus
1605 994 1922 1050 mensuratio
1958 1011 2068 1050 non
2092 993 2261 1050 solum
2287 995 2318 1048 a
2346 993 2516 1050 Cursu

1479 1066 1707 1123 Telluris
1736 1066 2013 1142 periodico
2033 1110 2046 1130 ,
2082 1066 2173 1123 sed
2196 1072 2352 1124 etiam
2364 1066 2428 1122 ab
2440 1073 2516 1142 ip-

1475 1140 1530 1196 so
1569 1140 1801 1196 Telluris
1845 1155 1996 1196 motu
2037 1139 2228 1196 diurno
2268 1142 2374 1211 (ex
2409 1161 2515 1217 quo

1478 1214 1672 1271 deinde
1703 1218 1832 1276 Dies
1869 1217 2107 1270 &Horae
2142 1214 2404 1286 existunt)
2442 1221 2518 1270 in-

1477 1288 1729 1346 stituitur.
1806 1287 1966 1345 Unde
2014 1289 2155 1343 Tem
2197 1306 2259 1344 us

1478 1363 1582 1418 dici
1607 1362 1812 1437 potest:
1851 1361 2140 1419 durationis
2192 1362 2304 1417 istin
2361 1367 2412 1417 io
2469 1381 2522 1418 er

2342 1306 2520 1364 uoque

462 1439 647 1500 Porro,
671 1435 801 1495 ficut
827 1441 1004 1495 Locus
1017 1437 1154 1494 reale
1168 1435 1297 1514 quid
1317 1451 1431 1494 non
1476 1454 1674 1501 annos,
1713 1436 1829 1493 dies
1842 1440 1894 1491 ὃς
1914 1435 2095 1499 horas,
2135 1455 2252 1512 quae
2266 1455 2333 1495 ex
2345 1437 2428 1490 Te
2449 1436 2522 1491 lu-

387 1511 487 1571 est‚
515 1509 708 1568 eodem
727 1511 896 1568 modo
913 1530 1009 1568 nec
1020 1516 1238 1589 Tempus.

1479 1516 1547 1567 ris
1558 1513 1725 1567 Motu
1740 1553 1754 1574 ,
1792 1509 1939 1567 simul
1954 1508 2143 1567 diurno
2155 1514 2208 1565 &
2221 1527 2400 1566 annuo
2414 1514 2522 1565 exi-

456 1583 761 1661 Philosophi
779 1589 1108 1662 Peripatetici
1122 1589 1327 1662 Tempus
1342 1582 1432 1640 de·
1477 1584 1635 1641 stunt.

382 1657 599 1716 finiunt:
627 1659 841 1736 Quodfit
858 1679 1086 1715 numerus
1099 1662 1432 1724 motussecun·

382 1803 666 1881 Tempusc
741 1812 874 1863 itatu
884 1802 1105 1862 difficile
1119 1849 1132 1869 ,
1171 1803 1436 1880 explicatu

384 1876 648 1947 difficilius
660 1824 775 1936 αξίῗέ.
819 1879 977 1935 Unde
989 1878 1345 1953 Augustinum
1360 1877 1435 1932 di-

380 1950 507 2008 xisse
518 1951 684 2009 fertur
699 1978 712 2008 ε
746 1957 947 2006 sinemo
959 1972 1026 2006 ex
1035 1971 1110 2004 me
1121 1951 1431 2023 quaerat,fi·io

378 2031 508 2100 quid
520 2026 583 2103 fit
607 2032 827 2102 Tempus,
835 2024 890 2096 fi
907 2031 1145 2098 quaerenti
1181 2023 1428 2099 explicare

379 2101 533 2155 velim
547 2141 562 2163 ,
584 2100 752 2170 nest-io.

1554 1658 1905 1733 Reliquorum
1940 1656 2271 1712 Planetarum
2297 1661 2349 1711 &
2370 1655 2435 1712 ab
2459 1660 2524 1712 iis
2545 1679 2766 1732 nernnpqn

383 1731 498 1786 dum
523 1739 670 1809 prius
708 1736 769 1795 ξς·
797 1737 1036 1809 posterius
1061 1757 1079 1786 ‚-
1122 1737 1174 1788 &
1209 1729 1437 1787 asserunt
1481 1729 1896 1805 dependentium
1921 1749 2092 1785 retum
2108 1730 2313 1786 duratio
2331 1771 2346 1793 ,
2377 1747 2525 1785 men·
2546 1727 2751 1768 le‘m‘

1479 1803 1696 1860 furanda
1742 1809 1839 1859 erit
1865 1846 1879 1865 ,
1915 1802 2205 1859 secundum
2253 1803 2527 1875 cujuslibet

1478 1877 1706 1931 Planetae
1754 1875 1977 1931 Cursum
2026 1892 2133 1929 tam
2194 1876 2527 1949 periodicum

1510 1966 1633 2005 uam
1683 1953 1958 2022 proprium
1982 1988 1997 2008 ‚
2083 1967 2162 2004 uae
2211 1948 2529 2005 mensuratio

1527 2040 1715 2098 empus
1729 2027 1843 2095 ejus
1859 2038 2028 2079 vocan
2068 2040 2111 2077 a.

1202 2245 1575 2305 CAPUT
1649 2253 1770 2305 111.

1135 2388 1225 2449 De

1324 2382 1390 2447 V
1429 2392 1488 2447 A
1542 2386 1589 2450 C
1641 2388 1703 2449 U
1770 2389 1834 2450 O.

301 2573 309 2581 ·
382 2541 874 2727 ARistoteles
907 2546 1066 2599 VAC
1085 2553 1255 2596 UUM
1306 2539 1433 2597 defi-
1494 2542 1868 2598 causamaximi
1879 2539 2092 2602 effecius
2105 2551 2158 2601 in
2169 2547 2382 2604 Natura.
2419 2549 2536 2605 imo

592 2622 674 2676 nit
696 2642 710 2672 ι
729 2612 946 2692 defit
970 2620 1016 2671 L
1032 2627 1072 2670 Ο
1087 2625 1124 2670 c
1142 2627 1187 2670 U
1203 2627 1232 2669 s
1247 2631 1437 2690 corpore
1495 2612 1533 2670 fi
1546 2620 1783 2693 Vacuum
1794 2615 1896 2673 scil.
1921 2616 2162 2692 Spatium
2174 2638 2284 2675 non
2296 2617 2462 2693 posset
2476 2629 2534 2678 in

586 2711 678 2746 non
689 2692 1057 2767 repleta-raptus
1066 2703 1227 2743 tamen
1237 2708 1290 2743 re
1322 2691 1429 2745 leri.
1496 2706 1666 2744 rerum
1679 2706 1862 2745 natura
1874 2689 1983 2746 dari
1999 2732 2013 2753 ,
2024 2690 2112 2746 sed
2123 2711 2282 2749 omne
2295 2695 2534 2767 Spatium

456 2768 693 2821 Vacuum
731 2780 907 2821 autem
942 2769 998 2819 in
1034 2780 1202 2819 rerum

378 2836 489 2895 dari
503 2880 516 2900 ‚
541 2857 652 2894 non
666 2839 916 2896 concedit
928 2880 942 2900 ‚
962 2835 1237 2910 sed-potius
1248 2851 1429 2893 contra

377 2910 448 2968 fic
463 2926 858 2988 argumentatur
876 2937 890 2969 ε

453 2983 600 3064 Qod
617 3008 709 3041 non
730 2989 950 3056 est'cauflz
986 2985 1137 3040 ullius
1162 2986 1352 3058 offellus
1374 2990 1427 3039 in

376 3076 581 3123 natura,
605 3082 697 3115 non
720 3062 786 3129 est
797 3056 1076 3138 ponendum
1099 3057 1129 3113 ἃ
1153 3060 1427 3134 Philqfirpho

376 3135 465 3206 effe
476 3139 530 3187 in
548 3149 734 3188 natura.

452 3218 650 3262 Vacuum
662 3228 754 3261 non
766 3208 831 3274 est
848 3209 986 3272 causa
1001 3205 1149 3262 ullius
1171 3207 1358 3281 effec‘lus
1371 3211 1424 3262 in

377 3295 568 3336 natura.

450 3359 510 3411 E.
523 3367 723 3410 Vacuum
737 3372 828 3408 non
840 3353 906 3419 est
907 3349 1195 3444 ponendum.

290 3458 304 3496 ι·
324 3485 334 3496 .
449 3435 649 3487 Verum
665 3432 810 3483 enim
821 3426 1173 3502 vero,quando
1185 3433 1425 3485 Vacuum

372 3506 549 3562 Locus
558 3502 637 3559 est
649 3519 872 3578 corpore
886 3517 997 3562 ,non
1005 3503 1231 3576 vrepletus
1243 3545 1259 3567 ,
1274 3516 1427 3578 aptus

372 3596 551 3635 tamen
559 3575 768 3708 {le-pleri,
781 3590 919 3631 certe
929 3574 1006 3702 12}st
1016 3572 1428 3707 {ili-quidxtiqimgsz

372 3672 589 3802 33:325„
610 3664 791 3782 {313²}ss
783 3667 1015 3779 ,3:335
1025 3667 1312 3781 εἰτῗᾶᾛῖἑ
1337 3693 1425 3781 132-

374 3818 492 3856 tura
516 3823 532 3863 ς
567 3816 627 3855 ut
645 3799 751 3855 scil.
778 3814 860 3854 res
883 3814 1001 3873 quae
1023 3793 1109 3850 hic
1136 3795 1237 3859 est,
1309 3799 1426 3856 offit

377 3870 570 3934 deinde
594 3870 696 3928 esse
708 3870 829 3929 alibi
852 3913 866 3935 ,
903 3886 964 3927 ac
990 3868 1257 3947 repleresu
1303 3893 1426 3949 prae·

375 3946 542 4003 sentia
577 3947 781 4003 Locum
816 3946 928 4018 (seu
961 3950 1140 4023 potius
1167 3943 1426 4021 Spatium)

1287 2779 1431 2819 atura
1494 2759 1620 2817 effet
1641 2762 1895 2839 repletum
1919 2786 1935 2827 ;
1960 2762 2100 2819 aliud
2119 2782 2305 2840 corpus
2329 2771 2385 2822 in
2410 2769 2534 2825 alte-

1491 2841 1599 2893 rius
1634 2835 1814 2892 locum
1838 2836 2043 2911 ingredi
2065 2856 2175 2893 non
2200 2837 2367 2914 posset
2389 2882 2403 2903 ‚
2435 2860 2535 2897 nec

1491 2908 1707 2969 haberet,
1740 2926 1947 2967 motum
1987 2908 2057 2966 de
2089 2911 2211 2968 loco
2232 2912 2300 2969 ad
2322 2914 2532 2972 locum:

1491 2987 1660 3057 Cujus
1671 2989 1994 3041 contrarium
2007 2999 2183 3042 tamen
2198 2991 2535 3064 Experimen-

1488 3073 1542 3115 ta
1584 3058 1845 3135 sequentis
1872 3057 1987 3115 libri
2014 3058 2291 3117 oculariter
2318 3061 2536 3120 demon·

1489 3131 1746 3195 strabunt,
1770 3131 1896 3188 dum
1919 3150 2031 3189 tam
2054 3137 2163 3191 A'e'r
2181 3135 2340 3212 quam
2365 3145 2536 3213 Aqua,

1488 3208 1677 3283 magna
1698 3223 1819 3261 cum
1839 3205 2166 3265 vehementia
2188 3217 2457 3266 introeunt
2482 3216 2536 3266 &

1488 3298 1671 3340 contra
1696 3278 1983 3337 naturalem
2010 3281 2251 3340 ordinem
2275 3284 2536 3361 assurgunt

1489 3360 1543 3412 in
1557 3368 1806 3413 evacuata
1814 3360 1980 3412 vitrea
1990 3355 2115 3413 vasa.

1563 3431 1710 3484 Dicis
1720 3427 1775 3484 id
1787 3427 1899 3484 fieri
1913 3429 1985 3485 ob
2006 3427 2186 3506 fugam
2209 3435 2406 3497 Vacui;
2428 3431 2537 3486 Re·

1486 3501 1772 3580 spondetur
1802 3527 1816 3558 ε
1840 3503 1895 3558 Si
1907 3502 2031 3579 suga
2042 3509 2206 3560 Vacui
2218 3504 2538 3568 conceditur,

1489 3575 1799 3634 conceditur
1810 3577 2040 3652 &ipsum
2054 3582 2307 3635 Vacuum.
2323 3579 2379 3634 Si
2391 3586 2537 3635 enim

1488 3656 1728 3709 Vacuum
1749 3669 1858 3708 non
1882 3648 2004 3707 esset
2018 3693 2033 3715 ,
2055 3670 2230 3728 neque
2257 3649 2423 3728 posset
2436 3651 2536 3709 effe

1489 3732 1603 3799 ejus
1639 3723 1801 3802 fuga:
1898 3724 2140 3782 uomodo
2174 3723 2298 3803 fuga
2319 3727 2537 3798 alicujus

1488 3805 1562 3857 rei
1572 3801 1745 3876 potest
1754 3797 1855 3856 efle
1866 3842 1883 3866 ,
1925 3819 1943 3856 1
1956 3818 2040 3857 res
2051 3800 2155 3876 ipsa
2165 3819 2275 3858 non
2293 3799 2536 3857 concedi-

1491 3890 1575 3931 tur
1584 3869 1686 3930 esse
1697 3880 1719 3931 ἓ

1562 3946 1725 4005 Unde
1736 3952 1854 4025 quis
1863 3951 2043 4025 potius
2061 3963 2240 4009 contra
2254 3991 2270 4015 ,
2289 3947 2357 4004 fic
2370 3943 2535 4023 posset

380 4019 451 4077 ibi
469 4036 694 4094 corpore
713 4040 823 4077 non
848 4019 1107 4096 repletum
1123 4059 1137 4080 ,
1159 4033 1342 4093 aptum
1356 4037 1430 4076 ta·
1489 4027 1864 4100 argumentari:

382 4114 504 4151 men
528 4094 727 4168 repleri.
767 4104 860 4151 Ex.
884 4116 964 4169 gr.
995 4092 1233 4169 Quando
1254 4094 1429 4151 Satur-

381 4187 482 4226 nus
520 4166 673 4224 estin
700 4170 1028 4245 Capricorno
1052 4211 1065 4231 ‚
1105 4183 1234 4223 tunc
1255 4170 1431 4226 Locus

382 4249 497 4314 ejus
520 4248 572 4299 in
597 4240 806 4299 Cancro
831 4247 1044 4300 Vacuus
1071 4240 1170 4304 est,
1197 4259 1347 4317 aptus
1358 4260 1430 4301 ta-

382 4335 504 4374 men
528 4316 594 4374 ab
622 4335 688 4372 eo
711 4317 931 4393 repleri;
968 4321 1105 4393 Ergo
1134 4326 1332 4374 Vacuum
1357 4316 1431 4374 est

1561 4096 1835 4176 Qicquid
1870 4095 1947 4152 est
1966 4095 2118 4152 causa
2139 4096 2293 4152 ullius
2317 4089 2533 4150 effectus

1491 4175 1542 4229 in
1566 4187 1748 4229 natura
1770 4213 1786 4236 ,
1819 4167 1949 4227 illud
1970 4169 2280 4246 ponendum
2306 4167 2336 4222 a
2355 4166 2533 4224 Philo-

1489 4245 1804 4379 ίοΡῖΙῙιεζιὶὲιιιιαι
1836 4315 1911 4375 est
1948 4315 2096 4374 causa
2121 4311 2337 4375 effectus
2367 4318 2534 4444 iflacui

2406 4406 2533 4463 ugae,
