3068 4718
876 324 2031 411 DEDICATIO.

385 462 650 565 Hujus
696 458 1069 548 veriffimi
1116 461 1313 546 dieti
1363 462 1457 545 &
1482 488 1638 574 ego
1662 490 1977 547 memor
1999 529 2025 562 ‚
2084 488 2258 546 non
2279 470 2511 578 potui

379 607 553 662 non
582 579 972 690 inquirere
996 579 1080 657 in
1102 574 1552 659 do&rinam
1582 570 1685 657 de
1716 576 2083 671 Spano,
2106 573 2509 662 dia-orum

379 690 540 773 scil.
583 689 1071 801 superiorum
1117 690 1585 800 Corporum
1628 689 2002 770 omnium
2043 690 2508 777 Rsscnpm-

381 830 624 889 curo
675 834 695 887 3
745 830 993 916 quum
1042 828 1214 882 eam
1259 828 1408 881 nec
1432 799 1476 880 a
1498 799 1927 887 Veteribus
1972 799 2512 918 Philosophis‚

380 945 528 998 nec
549 914 592 995 a
618 915 1240 997 Recentioribus
1266 913 1442 996 satis
1467 911 1675 996 tradi
1701 913 2430 1000 animadverteram.

493 1029 762 1110 Nobis
790 1030 1054 1137 itaque
1077 1055 1214 1140 per
1238 1025 1494 1108 Seculi
1515 1020 2203 1127 felicitatem‚cum
2228 1033 2313 1116 in
2338 1031 2506 1116 aliis

382 1143 676 1224 artibus
702 1142 1009 1222 cunctis
1041 1205 1061 1238 ‚
1107 1164 1282 1222 tum
1310 1142 1398 1220 in
1412 1136 1557 1220 hac
1582 1141 1975 1223 Doctrina
1998 1138 2099 1224 de
2133 1143 2180 1223 S
2204 1174 2505 1241 PA‘rlo,

378 1254 606 1337 licuit
632 1255 724 1338 &
746 1253 1037 1367 placuit
1064 1263 1178 1336 ire
1201 1250 1818 1368 quodammodo
1845 1255 2071 1337 altius
2098 1319 2123 1355 ,
2172 1278 2260 1338 ut
2282 1252 2386 1339 de
2409 1280 2511 1337 eo

377 1396 527 1449 nec
551 1366 974 1450 dubitandi
1016 1367 1292 1451 locum
1335 1387 1464 1450 tot
1505 1369 2071 1480 experimentis
2124 1366 2455 1452 edodtus
2481 1432 2508 1468 ‚

377 1478 892 1582 habeam‚nec
917 1479 1382 1594 publicandi
1406 1504 1627 1565 metu
1645 1477 2078 1565 absterreat.
2109 1479 2267 1563 Sed
2291 1485 2512 1564 enim

376 1623 568 1677 cum
608 1619 878 1678 caetera
912 1593 1113 1678 mihi
1138 1623 1276 1708 per
1306 1599 1483 1679 Dm
1531 1595 2111 1707 benignitatem
2161 1620 2332 1678 non
2377 1593 2513 1677 de-

375 1706 530 1790 fint
556 1774 579 1809 ‚
610 1713 802 1792 Dux
827 1732 1094 1792 tamen
1120 1714 1215 1797 &
1241 1710 1569 1795 Author
1591 1710 1833 1790 nobis
1858 1735 2063 1822 opus
2085 1705 2194 1789 est
2218 1774 2245 1809 ,
2288 1711 2514 1809 cujus

383 1821 749 1933 auspiciis
793 1821 1114 1933 prodire
1161 1822 1208 1901 e
1252 1821 1511 1908 domo
1554 1848 1733 1902 mea
1767 1823 1855 1902 in
1896 1821 2307 1933 publicum
2329 1886 2356 1919 ‚
2420 1821 2516 1906 &

386 1939 609 2036 cujus
636 1933 855 2019 velut
876 1938 961 2013 in
985 1933 1277 2016 sacram
1294 1934 1660 2017 Honoris
1681 1931 1979 2013 AEdem
1997 1936 2221 2013 Sacra
2254 1929 2515 2015 isthaec

381 2046 964 2158 omnipotentis
992 2065 1280 2126 naturae
1304 2040 1721 2129 transferre
1757 2070 1845 2122 ac
1869 2041 2237 2127 dedicare
2279 2070 2520 2157 opor-

376 2181 556 2241 teat.
625 2155 779 2240 Sed
803 2183 1063 2268 neque
1102 2155 1313 2240 deest
1354 2155 1537 2272 ipse.
1610 2152 1750 2236 Tu
1773 2160 1994 2239 enim
2027 2213 2052 2246 ,
2115 2158 2515 2269 Serenissime

378 2276 477 2351 (9-
556 2268 992 2378 Potentissime
1061 2271 1512 2355 PRINCEPS
1581 2267 2047 2356 ELEcroR
2071 2333 2097 2372 ‚
2155 2273 2518 2384 propitio

377 2383 744 2467 Numine
768 2380 1303 2492 Coelesti,ipse
1327 2412 1409 2466 es
1434 2385 1844 2468 Dominus
1878 2382 2139 2466 noster
2164 2386 2258 2470 &
2287 2385 2519 2469 Pater

378 2492 1062 2582 Clementiffimus
1093 2528 1112 2580 3
1145 2495 1329 2576 Tua
1350 2494 1590 2577 nobis
1615 2494 1874 2577 san&a
1895 2491 2339 2613 sacrataque
2354 2501 2520 2582 Au-

381 2609 626 2724 spicia
650 2606 828 2690 sunt
858 2641 875 2688 :
906 2607 1103 2693 Tuo
1129 2636 1486 2721 paremus
1515 2606 1851 2690 arbitrio
1894 2636 1981 2689 ac
2002 2625 2255 2695 nutui.
2319 2611 2518 2693 Tuo

383 2751 580 2833 ergo
614 2726 698 2805 in
725 2718 900 2803 solo
948 2751 1033 2802 ac
1077 2717 1337 2804 fundo
1381 2718 1516 2801 hic
1564 2725 1942 2804 inventus
1986 2725 2100 2803 rei
2141 2724 2513 2807 naturalis

383 2836 605 2921 velut
642 2832 1035 2917 thesaurus
1063 2899 1087 2934 ,
1135 2833 1232 2916 ad
1281 2834 1411 2916 Te
1437 2835 1904 2915 Dominum
1939 2835 2522 2920 Protestorem-

379 2978 537 3062 que
556 2945 759 3031 mihi
781 2943 1256 3030 deferendus
1302 2969 1489 3030 erat.
1546 2944 1738 3028 Hoc
1785 2973 1978 3028 meae
2023 2950 2339 3059 pietatis
2385 2948 2521 3033 de-

389 3063 652 3145 bitum
681 3059 827 3143 fibi
873 3061 1152 3148 Virtus
1200 3060 1382 3142 Tua
1410 3060 1452 3141 a
1495 3082 1619 3143 tot
1647 3127 1671 3162 ,
1721 3057 2110 3173 tantisque
2141 3061 2517 3174 operibus

396 3176 599 3258 Tuis
625 3172 836 3255 ultro
859 3173 1251 3259 vendicat.
1350 3173 1553 3283 Qae
1600 3174 1782 3256 cum
1810 3172 1940 3256 alii
1961 3172 2321 3258 disertius
2344 3174 2521 3258 lon-

398 3288 498 3400 ge
560 3290 1085 3369 enarraverint
1133 3355 1158 3386 ,
1219 3291 1303 3369 in
1361 3284 1691 3371 transitu
1749 3316 1836 3368 ea
1882 3316 1968 3368 ac
2014 3312 2388 3402 tanquam
2432 3291 2520 3370 in

395 3396 833 3485 transcursu
857 3402 1231 3512 attingere
1259 3432 1344 3484 ac
1371 3399 1791 3513 praedicare
1821 3399 2068 3485 volui.
2134 3404 2332 3485 Satis
2373 3404 2522 3484 mi-

397 3513 484 3598 hi
508 3510 890 3626 superque
913 3510 1047 3594 ista
1070 3517 1337 3596 omnia
1358 3513 1594 3597 fiierit
1614 3511 2019 3627 singularis
2044 3514 2520 3598 Clementiae

398 3628 599 3711 Tuae
624 3621 953 3739 praesens
976 3649 1202 3739 atque
1229 3653 1509 3714 aeterna
1530 3625 1905 3740 deinceps
1926 3624 2186 3710 futura
2217 3630 2521 3711 Recor-

401 3741 625 3824 datio
654 3769 678 3830 ,·
733 3762 907 3821 tum
931 3738 1155 3851 quod
1199 3745 1547 3823 Serenitati
1565 3739 1745 3827 Tuae
1781 3737 1939 3824 hoc
1964 3769 2235 3824 meum
2256 3768 2521 3824 rerum

400 3851 875 3935 naturalium
896 3850 1240 3935 studium
1265 3878 1677 3969 acceptum
1700 3851 1999 3967 semper
2022 3857 2324 3944 extitit,
2350 3853 2523 3938 tum

402 3964 630 4081 quod
653 3963 924 4049 illustri
950 3965 1497 4052 munificentia
1522 3965 1719 4051 illud
1741 3968 2203 4081 prosecutus
2227 3997 2309 4051 es
2332 3968 2522 4051 Cle-

403 4074 897 4163 mentiffime.

516 4193 835 4274 Patiaris
879 4221 1030 4276 oro
1057 4214 1288 4307 atque
1332 4191 1683 4275 obtestor
1746 4260 1770 4294 ,
1831 4189 2233 4302 Serenifflme
2276 4197 2521 4275 Poten-

403 4302 738 4418 tiffimeque
758 4306 1136 4390 ELEcToR
1155 4373 1182 4410 ‚
1234 4329 1325 4390 ut
1366 4304 1509 4390 sub
1555 4311 1914 4394 maximo
1949 4307 2314 4393 Nomine
2336 4371 2362 4406 ,
2422 4305 2521 4386 sa-

2223 4445 2521 4531 eroque
