3068 4718
1323 221 1912 280 PRAEFATio

653 318 798 384 Hinc
811 313 1013 402 stibium
1038 310 1108 397 est
1129 326 1186 372 ut
1208 310 1284 373 ille
1305 314 1388 395 qui
1411 306 1621 373 rixando
1647 324 1830 373 vanum
1842 303 2058 393 scientiae
2081 328 2248 369 nomen
2280 324 2431 391 atque
2454 306 2671 395 gloriam

550 409 650 496 fibi
674 407 972 483 conciliaret,
997 407 1203 489 optimus
1227 401 1423 464 audiret
1452 400 1766 486 Philofiiphus
1785 449 1803 480 ,
1836 403 1896 463 69·
1917 398 1993 462 ille
2010 416 2116 484 prae
2141 403 2328 462 caeteris
2356 400 2576 462 maxime
2599 399 2671 464 in-

556 503 770 589 telligere
781 496 1105 586 suspiceretur
1121 544 1141 574 ,
1170 498 1251 582 qui
1250 495 1411 576 semet
1435 490 1589 582 ipficm
1617 494 1805 557 minime
1830 491 2150 579 intelligeret,
2180 491 2348 577 nempe
2367 488 2499 580 quod
2522 509 2673 575 para-

541 588 794 678 phrosjnes
815 591 941 654 illius
962 584 1249 674 paroxysmo
1271 630 1294 660 ,
1325 584 1610 675 fhtdffma
1635 609 1832 674 quaeque
1856 589 1980 672 (pro
2002 603 2061 647 ut
2060 582 2127 669 Je
2142 582 2344 669 ferebat
2360 588 2507 647 animi
2526 587 2675 669 impe-

547 681 723 772 petus)
745 680 989 772 effictiret.

648 782 835 842 Verum
866 774 1125 838 eluxerunt
1154 770 1354 834 tandem
1381 768 1632 859 (favente
1663 765 1929 847 Numine)
1943 767 2186 832 diviniora
2209 766 2432 854 quaedam
2453 772 2671 858 ingenia,

549 875 694 956 qua(
704 868 885 932 ratione
900 869 958 929 &¹
985 860 1283 948 experientia
1307 867 1365 928 in·
1387 863 1633 948 confilium
1660 858 1758 923 unci
1784 856 2087 943 advocatis)
2112 877 2292 926 novam
2310 860 2676 946 philosophandi

544 960 824 1024 methodum
831 951 1277 1044 praemonstrarunt.

641 1056 725 1118 H
722 1057 798 1115 inc
807 1050 923 1139 spes
938 1056 1102 1140 ingens
1114 1066 1335 1134 concepta
1355 1048 1425 1133 est
1444 1096 1461 1128 ,
1486 1045 1792 1137 Philosopbos
1805 1091 1823 1120 ‚
1851 1070 1944 1108 non
1967 1048 2191 1109 veritatis
2214 1044 2440 1109 umbram
2459 1047 2673 1135 aliquam

544 1163 633 1206 aut
661 1145 862 1207 larvam
877 1187 896 1216 ‚
909 1147 1048 1232 atqui
1069 1139 1357 1230 ipfissimam
1400 1144 1658 1203 ’veritatem
1698 1140 2012 1225 amplexuros
2054 1141 2112 1200 ΕΘ·
2136 1137 2502 1228 ‘physiologiam
2525 1144 2675 1226 (pro-

529 1236 726 1323 fhgatis
748 1235 1090 1325 controversiis
1104 1229 1138 1312 )
1165 1256 1274 1297 cum
1321 1236 1409 1297 M
1398 1232 1695 1297 athematicis
1702 1234 1921 1318 scientiis
1946 1224 2252 1318 affinitatem
2291 1234 2670 1298 contraiiuram.

541 1329 639 1416 Est
648 1347 811 1392 autem
821 1327 908 1390 hoc
929 1347 1043 1414 opus
1059 1349 1151 1390 non
1162 1331 1303 1390 unius
1315 1330 1502 1406 aetatis,
1530 1325 1707 1389 nedum
1721 1329 1860 1388 unius
1880 1326 1980 1387 viri
1997 1351 2015 1402 3
2044 1344 2195 1408 neque
2224 1339 2387 1387 tamen
2408 1322 2672 1411 despondet

538 1426 723 1484 animus
750 1466 766 1498 ‚
809 1424 923 1506 quin
968 1421 1117 1505 (unis
1153 1418 1260 1507 post
1306 1420 1419 1482 alios
1447 1417 1614 1481 eadem
1649 1415 2007 1506 philofiaphandi
2040 1413 2268 1478 methodo
2305 1412 2630 1502 insistentibus
2642 1412 2670 1494 )

537 1512 732 1575 tandem
755 1537 862 1575 cum
885 1512 1019 1575 bonis
1044 1508 1264 1594 auspiciis
1291 1515 1478 1576 veritas
1503 1514 1771 1595 (quatenus
1796 1511 2008 1574 humana
2038 1507 2183 1597 feret
2202 1503 2465 1590 tenuitas)
2490 1509 2673 1592 resera»

535 1608 605 1665 tis
637 1604 790 1665 indies
826 1606 972 1666 novis
1002 1618 1190 1663 naturae
1222 1602 1453 1688 mjsteriis
1487 1606 1545 1665 ξς
1572 1601 1787 1688 discuffis
1810 1626 2026 1667 errorum
2046 1601 2261 1665 tenebris
2294 1648 2312 1680 ,
2355 1604 2547 1689 integra
2581 1618 2670 1686 ape

531 1698 751 1777 paruerit
767 1738 786 1768 ,
805 1693 1034 1778 taedaeque
1052 1693 1291 1776 nuptiales
1319 1693 1660 1756 accendantur.

636 1781 1069 1849 Verumenimverd
1094 1783 1507 1869 inpraesentiarum
1531 1783 1585 1848 id
1625 1808 1701 1848 me
1724 1785 1850 1847 male
1873 1784 2022 1848 hahet
2041 1831 2059 1863 ,
2097 1782 2234 1872 quod
2273 1782 2437 1847 adhuc
2463 1783 2671 1848 viderim

534 1878 747 1963 aliquam
768 1877 972 1941 rixandi
995 1871 1319 1963 neceffitatem
1344 1923 1364 1953 ,
1413 1882 1471 1942 ἐς
1487 1877 1677 1962 serram
1702 1881 2013 1942 contentionis
2057 1874 2403 1962 reciprocandi,
2446 1875 2562 1940 dum
2579 1876 2677 1962 ipfi

530 1986 671 2032 πονιτ
698 1968 1014 2053 Philofhphiae
1045 1970 1295 2053 Principes
1325 2021 1344 2052 ‚
1371 1971 1436 2034 de
1462 1970 1768 2035 Plenitudine
1781 1971 1977 2036 Mundi
1998 1992 2091 2033 non
2107 1972 2401 2035 conveniunt
2417 2017 2437 2050 ,
2457 1969 2672 2060 adeoque

526 2066 576 2124 in
603 2058 702 2146 ipso
729 2062 886 2125 limine
909 2061 1158 2145 caespitant
1180 2064 1293 2126 Sec·

621 2155 781 2228 Qia
795 2153 931 2216 vero
955 2154 1074 2239 jam
1093 2150 1231 2217 olim
1261 2149 1590 2242 Philosophi
1605 2156 1755 2219 inter
1767 2151 1880 2216 sese
1893 2152 1967 2216 de
1985 2156 2216 2225 Vacuo,
2242 2175 2316 2216 an
2346 2157 2369 2214 ?
2395 2150 2486 2217 vel
2508 2158 2670 2217 non?

526 2265 623 2312 aut
636 2246 776 2334 quid
789 2244 891 2310 sit?
920 2263 1036 2309 tam
1055 2247 1251 2310 acriter
1268 2245 1630 2333 disputarunt
1642 2248 1700 2310 8<
1719 2243 1962 2332 quilibet
1978 2242 2315 2309 sententiam
2327 2243 2480 2309 suam
2495 2243 2669 2312 semel

524 2357 891 2425 conceptam,
924 2338 1213 2400 mordicus
1237 2357 1303 2401 ut
1333 2335 1490 2400 miles
1513 2360 1700 2399 arcem
1725 2355 1928 2398 contra
1953 2356 2394 2422 oppugnantem
2420 2336 2666 2414 hostem,

524 2429 815 2507 defendit,
864 2429 1123 2512 Ideoque
1150 2427 1316 2490 ardor
1347 2426 1422 2490 ad
1451 2430 1747 2491 veritatem
1778 2423 1949 2509 hujus
1976 2429 2092 2503 rei,
2132 2427 2281 2491 adeo
2294 2428 2665 2517 disputabilis,

523 2519 981 2612 cognoscendam
1010 2519 1069 2580 in
1097 2520 1291 2583 animo
1305 2541 1441 2583 meo
1456 2517 1716 2583 accensus
1731 2564 1750 2593 ‚
1778 2541 1898 2581 non
1925 2514 2134 2606 sopiri,
2164 2519 2381 2584 nedum
2395 2518 2664 2611 restingui

526 2615 718 2702 potuit
733 2661 751 2692 ,
772 2614 911 2700 quin
929 2614 1238 2698 impetrato
1247 2613 1377 2682 otio
1391 2614 1875 2700 Experimentum
1902 2609 2199 2700 quoddam
2214 2611 2290 2676 de
2303 2611 2411 2676 hac
2436 2636 2499 2678 re
2512 2612 2664 2678 insti-

525 2727 717 2785 tuere,
749 2722 1042 2769 tentarem.

620 2795 804 2874 Qod
818 2798 990 2860 etiam
1005 2793 1382 2859 diversimode
1397 2794 1608 2861 faCtum
1624 2843 1644 2872 ,
1672 2819 1778 2860 nec
1793 2795 1956 2859 labor
1968 2796 2208 2883 quidem
2220 2818 2520 2884 perperam
2532 2796 2663 2879 fuit,

462 2946 466 2948 Δ
523 2894 603 2955 ita
624 2909 689 2954 ut
704 2888 985 2953 machinas
998 2887 1209 2976 aliquas
1220 2887 1294 2951 ad
1307 2888 1817 2954 demonstrandum
1828 2882 1969 2951 illud
1995 2892 2284 2969 Vacuum,
2309 2888 2529 2979 semper
2555 2913 2660 2956 ne·
2718 2912 2726 2921 ·

523 3001 721 3074 gatum
738 3028 755 3060 ,
778 3003 1108 3049 invenerim.

614 3073 811 3137 Postea
823 3096 956 3137 cum
968 3069 1426 3161 Reipublcausa
1445 3073 1517 3138 ad
1530 3074 1786 3136 Comitia
1816 3067 2135 3158 Imperialia
2162 3069 2452 3159 Ratisponae
2477 3078 2662 3138 Anno

525 3189 557 3230 »ι
573 3168 700 3254 654
713 3163 903 3230 habita
919 3214 937 3246 ,
960 3165 1145 3231 missus
1156 3164 1325 3230 effem
1338 3213 1356 3245 ,
1390 3169 1448 3232 &
1465 3165 1698 3254 quidam
1714 3163 2222 3228 Amatoresharum
2234 3188 2424 3229 rerum
2441 3213 2459 3245 ,
2476 3167 2554 3231 de
2575 3166 2660 3230 di-

520 3258 621 3324 &is
637 3260 780 3323 meis
795 3260 1216 3345 Experimentis
1235 3259 1546 3346 quicquam
1560 3253 1935 3346 percepissent
1960 3280 1975 3318 z
2005 3251 2145 3320 :ime
2157 3256 2581 3324 contenderunt
2593 3275 2659 3323 ut

521 3350 711 3436 aliqua
726 3348 1053 3414 exhiberem
1067 3401 1086 3431 ,
1118 3352 1284 3437 quod
1301 3353 1363 3415 8<
1378 3373 1485 3438 pro
1499 3372 1627 3414 mea
1641 3349 1940 3428 tenuitate,
1973 3347 2263 3415 instituere
2285 3368 2523 3416 conatus
2548 3348 2653 3416 fui.

609 3443 656 3504 F
657 3441 845 3506 aslum
873 3459 1063 3506 autem
1091 3441 1171 3506 est
1197 3440 1300 3504 sub
1319 3442 1496 3506 finem
1518 3443 1726 3508 horum
1757 3442 2180 3517 Comitiorum‚
2206 3441 2309 3507 ubi
2324 3441 2441 3532 ipsa
2464 3467 2654 3533 coepe-

516 3551 640 3598 rant
659 3531 1099 3622 diffolvi,utipsi
1120 3535 1292 3599 etiam
1318 3538 1406 3597 ΙΜ
1432 3556 1673 3597 PERAT
1695 3556 1791 3596 OR
1815 3557 1908 3596 1AE
1936 3537 2059 3598 MA
2080 3556 2108 3611 J
2129 3557 2376 3599 zsrAr
2399 3559 2418 3598 1
2458 3583 2477 3616 ,
2513 3539 2656 3602 ut&

518 3627 891 3690 Etr-:eron
914 3650 933 3688 1
956 3648 1043 3688 Bu
1066 3651 1091 3689 s
1139 3629 1199 3692 &
1231 3629 1329 3688 1²1«
1352 3650 1370 3688 ι
1392 3647 1753 3690 ΝειΡιΒυε
1780 3625 2150 3714 quibusdam,
2174 3625 2655 3716 quijamabitum

515 3717 929 3805 praeparabant,
960 3719 1080 3783 haec
1091 3743 1215 3783 mea
1236 3720 1644 3807 Experimenta
1654 3717 2075 3784 innotescerent
2089 3765 2108 3794 ,
2139 3739 2314 3808 atque
2337 3720 2537 3785 eadem
2557 3743 2656 3785 an·

514 3829 574 3874 te
586 3808 806 3874 abitum
834 3808 1081 3897 spe&are
1108 3809 1484 3876 desiderarent
1509 3836 1523 3873 :
1551 3816 1827 3888 Qorum
1851 3809 2130 3877 desiderio
2152 3812 2336 3877 deesse
2366 3834 2474 3875 nec
2486 3814 2655 3901 potui

516 3924 624 3965 nec
652 3901 846 3966 debui.

608 3996 893 4057 Omnium
930 3995 1068 4058 vero
1108 3996 1353 4059 maxime
1391 3992 1497 4057 illis
1534 3993 1915 4066 delectabatur
1956 3993 2375 4081 Eminentissimus
2408 3998 2652 4060 Dominus

518 4086 723 4147 EleHor
735 4087 986 4161 Johannes
1010 4087 1263 4171 Philippus
1297 4084 1684 4173 Archiepiscopus
1719 4093 1804 4152 M
1795 4092 2053 4176 oguntinus
2080 4092 2136 4152 ὅ
2162 4088 2432 4174 Episcopus
2461 4088 2649 4156 Herbiae

506 4176 708 4259 poletfis
730 4225 748 4257 ,
780 4179 937 4242 unde
969 4198 1031 4242 ut
1048 4177 1149 4266 ipsi
1180 4176 1375 4245 similia
1403 4176 1775 4247 instrumenta
1798 4179 2232 4256 fabricarentur,
2269 4180 2425 4272 apud
2454 4182 2648 4243 mein-

2444 4270 2637 4337 stabat.
