3068 4718
207 1781 318 1827 Aqua
335 1775 373 1811 in

171 1827 265 1865 Iuba
275 1826 394 1863 ensli-

175 1888 230 1915 307
239 1889 391 1913 ‘Ulcu-

175 1939 213 1966 u
222 1954 233 1969 ,
239 1927 369 1978 semper

174 1979 312 2015 oderem
338 1978 398 2035 ¹qu

174 2034 294 2068 aerea
303 2029 389 2068 edne.

925 218 1025 272 Dr.
1064 220 1437 273 Pnopkus
1477 221 2097 276 EXPERIMENTls.
2464 234 2520 295 83·

423 325 581 381 taque
633 311 812 362 omnia
860 312 1096 365 emittere
1133 305 1338 364 effluvia
1372 308 1457 363 sua
1483 315 1771 371 'traxerim,
1804 327 1976 365 tamen
2002 329 2131 384 quot
2155 311 2345 368 vicibus
2366 318 2519 367 etiam
2538 301 2738 387 ,25⁵3ss⁴ss

424 386 480 434 in
529 377 748 452 spatium
807 388 1046 454 proxime
1094 380 1449 441 circumstans,
1476 347 1804 464 ‘tentaverim
1857 424 1870 443 ,
1924 383 2263 440 nihilominus
2333 383 2516 439 bullula
2534 360 2716 436 domim-p
2744 373 2752 383 ¹

411 451 636 522 sequenti
685 467 782 526 cap.
816 474 897 506 10.
946 454 1173 527 pluribus
1221 454 1753 547 aperie-,ejusmodi
1812 461 1864 508 in
1922 454 2047 508 tubo
2104 477 2127 508 c
2162 455 2203 506 cl
2253 456 2746 533 remanfit.g”¹⁴m.·‹1¹‘⁴

430 542 562 578 mur.
1499 525 1699 580 Exinde
1733 525 1863 581 nihil
1900 526 2036 581 aliud
2074 527 2309 599 colligere
2344 529 2514 591 licuit,
2541 501 2715 549 fflammn.

499 594 819 651 Frustraneus
843 595 1355 672 itaqueeratlaborin
1371 611 1449 651 tu·
1497 617 1650 673 quam
1688 598 1831 672 quod
1865 617 1996 672 aqua
2031 618 2138 653 non
2160 598 2353 653 desinet
2388 602 2516 656 odo-

422 665 491 722 bo
514 672 677 722 vitreo
701 667 798 731 cd,
835 672 936 724 alio
957 669 1136 724 scilicet
1164 669 1291 723 tubo
1319 670 1451 742 aqua
1495 689 1601 724 rem
1638 669 1784 724 suum
1814 713 1828 733 ,
1875 679 1964 745 qui
2010 671 2138 726 nihil
2185 671 2321 727 aliud
2357 692 2509 746 quam

421 738 651 814 repleto,
690 740 817 797 undi
855 762 919 797 ue
939 740 1335 800 circumdando,
1369 750 1446 796 in·
1490 745 1576 796 aer
1600 742 1698 802 est,
1737 748 1789 796 in
1824 743 2037 815 spatium
2071 751 2367 818 proximum
2390 750 2517 810 (ma-

416 811 641 876 sumtus;
676 762 1100 888 quandoquidem
1124 829 1317 868 certum
1344 813 1445 870 est,
1492 811 2018 884 ximesivacuumest)
2056 822 2314 876 emittere,
2372 836 2511 872 uam·

417 883 619 939 nullum
631 884 915 960 perfectum
939 890 1127 941 vitrum
1144 927 1159 948 ,
1195 889 1444 940 aeritran-
1470 886 1584 941 ·diu
1605 893 1716 957 ejus
1741 887 1933 961 aliquid
1957 886 2183 960 supersit.
2233 837 2388 943 Unde
2423 909 2509 944 na-

413 953 565 1012 fitum
581 958 816 1030 praebere.
1491 977 1606 1014 tura
1642 975 1910 1033 terraqueo
1949 962 2106 1033 globo
2131 1002 2145 1022 ,
2182 966 2418 1017 virtutem
2452 963 2511 1015 il·

486 1030 655 1085 Sedut
679 1031 885 1086 ulterius
900 1029 1312 1105 progrediamur,
1351 1048 1442 1083 no·
1490 1030 1595 1086 lam
1630 1033 2030 1087 conservativam
2067 1031 2211 1087 dedit
2255 1033 2363 1100 (de
2409 1053 2511 1107 qua

414 1102 658 1160 tandum:
697 1102 903 1157 Etiamsi
933 1103 1048 1176 post
1076 1103 1240 1158 distes
1263 1105 1346 1158 sex
1362 1100 1442 1158 vel
1491 1103 1575 1158 lib.
1587 1109 1686 1176 seq.
1714 1121 1810 1177 cap.
1833 1105 1903 1171 5.)
1939 1123 2030 1178 per
2062 1123 2216 1179 quam
2253 1103 2397 1159 simul
2427 1113 2510 1160 a’e't

414 1176 537 1229 οᾶο
556 1176 688 1237 dies,
727 1175 1115 1248 nullaeamplius
1144 1175 1442 1247 bulluiaeap-
1490 1182 1618 1232 circa
1664 1195 1782 1230 cum
1819 1181 1870 1230 &
1910 1177 2120 1250 quidem
2171 1179 2306 1232 certa
2357 1185 2405 1232 vi
2452 1197 2511 1233 ac

411 1264 651 1319 pareant,
689 1252 783 1301 &a
821 1246 1220 1303 uafimuletubo
1244 1247 1319 1302 cd
1340 1245 1442 1301 fine
1490 1249 1726 1322 pondere
1764 1250 2084 1305 conservatur
2111 1290 2126 1310 ,
2164 1268 2231 1304 ne
2267 1269 2398 1323 aqua
2431 1250 2512 1316 (li-

410 1320 510 1374 ulla
546 1323 697 1376 ullius
730 1320 798 1374 bu
821 1321 932 1375 lulae
968 1320 1269 1376 ebullitione
1306 1337 1418 1374 tran
1493 1320 1911 1377 bereemittendo
1934 1320 2076 1376 suum
2103 1321 2319 1377 odorem
2342 1322 2513 1396 inspa-

409 1391 567 1466 quille
592 1392 890 1455 descendat,
927 1394 1192 1470 nullusque
1216 1400 1435 1448 omnino
1488 1401 1620 1450 tium
1648 1394 1978 1450 circumstans
1997 1413 2239 1454 vacuum,
2275 1401 2327 1449 in
2354 1414 2458 1468 quo
2485 1394 2515 1447 ὲ

411 1473 599 1539 a'e'rper
611 1466 767 1521 ullam
792 1471 927 1522 viam
942 1467 1211 1529 subintret,
1248 1463 1441 1521 sicutid
1491 1469 1625 1523 Solis
1643 1467 1798 1523 radiis
1823 1485 2007 1540 magno
2022 1473 2514 1542 circuituperpetuo,

411 1537 653 1611 quidam,
689 1556 747 1593 ut
770 1539 1154 1613 supradictum,
1189 1537 1441 1594 defidera-
1489 1540 1916 1616 lationeistaquae
1936 1539 2018 1593 lib.
2039 1559 2079 1604 5.
2103 1556 2196 1612 cap.
2221 1553 2297 1593 16.
2331 1539 2514 1593 dicitur

410 1610 563 1674 bant3
587 1611 1443 1686 nihilominusintubohoc(quan-
1493 1621 1704 1672 Annua,
1746 1611 2119 1677 circumfertur)
2145 1618 2318 1669 omnis
2337 1610 2516 1666 consu-

417 1683 487 1739 do
500 1683 688 1741 scilicet
774 1684 817 1738 st
840 1682 1029 1741 factam
1052 1691 1445 1741 evacuationem
1496 1701 1663 1741 matur
1674 1685 1762 1739 seu
1773 1685 1954 1741 avolet.
2582 1741 2593 1749 ,
2658 1738 2665 1744 .

417 1774 653 1813 extremo
699 1756 779 1812 'uo
807 1779 831 1811 c
855 1757 1097 1813 deorsum
1144 1735 1474 1839 inclinarunt
1567 1764 1642 1812 Ex
1658 1758 1841 1831 quibus
1855 1762 2096 1812 omnibus
2118 1741 2756 1824 evidentercon-,Jss‘jssssff‘

416 1848 475 1884 ut
499 1829 675 1885 denuo
710 1849 844 1903 aqua
877 1830 1165 1905 repleatur)
1203 1827 1447 1882 bullulam
1469 1841 1475 1954 ἱ
1498 1829 1591 1883 stat
1615 1873 1627 1890 ‚
1664 1830 1806 1902 quod
1852 1836 1948 1882 VA
1965 1842 2000 1880 C
2020 1843 2060 1881 U
2079 1844 2097 1881 1
2137 1835 2430 1902 procuratio
2454 1829 2519 1882 eo
2540 1836 2757 1894 tra-bocia·-

414 1902 604 1957 dichm
629 1920 871 1978 apparere
908 1902 1060 1956 instar
1094 1900 1187 1974 pisi
1260 1917 1444 1955 arvam.
1497 1902 1652 1974 usque
1665 1900 1912 1972 perducta
1935 1898 2020 1960 sit,
2060 1915 2117 1953 ut
2134 1900 2260 1954 ultra
2282 1899 2521 1974 progredi
2536 1895 2759 1987 ζζῖἷζᾜω

417 1980 483 2029 Et
518 1973 729 2049 quando
769 1974 946 2028 uidem
983 1975 1092 2027 haec
1127 1972 1194 2027 bu
1234 1971 1317 2025 ula
1353 1975 1447 2023 ite·
1495 1991 1830 2046 nequeamus.
2539 1989 2689 2037 produci.

417 2066 531 2103 rum
567 2065 662 2120 per
699 1994 810 2099 tuli
843 2044 1184 2121 repletionem
1222 2044 1448 2116 expella-
1569 2044 1719 2121 Qid
1743 2062 1916 2100 autem
1944 2044 2252 2099 censendum
2265 2042 2403 2099 fitde
2426 2049 2526 2099 Va-

415 2137 527 2181 tur,
566 2116 738 2174 rursus
764 2138 829 2173 ue
879 2137 1037 2194 aqua,
1074 2137 1167 2193 per
1203 2115 1315 2172 tubi
1353 2114 1452 2169 ele·
1473 2138 1595 2192 ,cuo
1622 2138 1711 2193 pet
1736 2122 1785 2170 Η
1828 2117 2066 2191 drangyri
2090 2117 2378 2173 descensum
2408 2135 2526 2191 pro-

417 2198 682 2248 vationem
700 2211 729 2246 a
792 2191 1210 2248 descendendum
1222 2205 1433 2264 cogatur
1451 2194 1479 2256 ,1
1500 2190 1657 2247 ducto
1677 2233 1691 2253 ,
1720 2197 1769 2246 vi
1810 2209 1896 2245 ere
1913 2203 1984 2245 eit
1996 2188 2131 2246 infra
2151 2207 2249 2265 cap.
2267 2211 2342 2258 34.

417 2281 595 2321 tamen
633 2265 750 2340 post
786 2273 1079 2321 reiteratam
1117 2283 1260 2339 aquae
1294 2261 1481 2343 intro-i
1573 2263 1814 2319 Tandem
1860 2263 1962 2317 hoc
2007 2263 2128 2319 loco
2174 2283 2284 2318 non
2323 2262 2526 2320 silentio
2545 2256 2723 2312 Q‘dm

419 2338 713 2393 miffionem
737 2339 938 2410 semper
973 2336 1294 2412 deprehendi
1330 2334 1454 2407 ejus·
1500 2336 1943 2410 praetereundum:
1983 2361 2026 2391 1.
2043 2336 2210 2414 Qod
2224 2335 2531 2393 simachinu-
2548 2314 2759 2401 ’,ἝΈΪΪ

423 2411 572 2466 modi
609 2410 854 2464 bullulam
869 2428 934 2463 ex
947 2411 1051 2484 ipsa
1061 2428 1192 2484 aqua
1211 2414 1266 2462 in
1288 2411 1458 2461 omni-

1502 2418 1552 2463 la
1590 2410 1864 2482 impleatur
1885 2409 2120 2467 cerevisia
2158 2409 2248 2479 (ad
2261 2409 2529 2465 dimidiam
2547 2410 2651 2460 visu.

425 2500 515 2609 nps
512 2499 758 2538 evacuato
785 2480 917 2537 tubo
934 2497 1255 2556 generatam,
1292 2478 1461 2555 super·
1505 2480 1605 2535 scil.
1673 2499 1836 2535 artem
1865 2522 1879 2542 ,
1924 2489 2000 2535 uti
2030 2500 2183 2538 antea
2199 2481 2394 2538 factum
2420 2500 2530 2538 erat

428 2574 459 2609 e
502 2575 550 2610 e.

1505 2555 1636 2627 aqua
1682 2558 1734 2607 &
1769 2555 1857 2607 a'e'r
1895 2553 2182 2608 extrahatur
2205 2595 2219 2614 ,
2256 2571 2380 2608 tunc
2417 2570 2531 2609 tota

497 2630 639 2704 Qae
659 2626 877 2689 bullula,
918 2631 1152 2702 quamvis
1171 2625 1290 2700 post
1314 2642 1457 2697 aper·
1481 2625 1738 2681 ⁴vcerevifia
1775 2631 1828 2679 in
1863 2624 2099 2699 spumam
2135 2626 2413 2700 redigatur,
2461 2628 2534 2681 se-

421 2717 529 2756 tam
573 2701 921 2757 machinulam
947 2742 960 2761 ,
1013 2701 1044 2755 a
1079 2704 1324 2773 gravitate
1374 2680 1748 2807 ex-isequeita
1761 2696 1930 2752 elevet
1952 2713 2010 2751 ut
2068 2705 2212 2752 artim
2241 2719 2333 2772 per
2356 2704 2532 2754 Venti-

422 2780 555 2830 terni
585 2793 645 2828 ac
681 2773 1023 2829 vehementer
1043 2777 1286 2826 irruentis
1313 2775 1461 2829 a'e'ris,
1481 2809 1486 2826 .
1506 2772 1554 2823 le
1589 2779 1644 2825 in
1683 2769 1951 2845 fiphonem
1991 2718 2241 2825 ascendat.
2294 2791 2338 2822 2.
2362 2773 2529 2826 Scien-
2551 2794 2655 2827 ια
2679 2791 2769 2828 mm·

419 2855 492 2903 ita
528 2854 924 2922 comprimatur,
965 2860 1023 2901 ut
1072 2841 1182 2899 fere
1230 2840 1458 2900 invisibi-
1480 2832 1487 2903 ἰ
1508 2842 1631 2899 dum
1653 2883 1667 2905 ,
1697 2840 1906 2918 quando
1930 2843 2221 2899 machinula
2233 2842 2306 2897 est
2318 2840 2746 2928 evacua-ftffwgh

420 2918 486 2975 lis
522 2919 734 2984 evadat3
770 2935 943 2975 tamen
983 2938 1050 2974 ex
1083 2936 1148 2972 eo
1174 2923 1458 2992 percipien·
1482 2906 1487 2964 Ι
1509 2932 1560 2972 ta
1581 2921 1632 2971 δε
1665 2918 1873 2973 Ventile
1911 2921 2068 2970 nimis
2100 2918 2331 2972 celeriter
2367 2926 2531 2990 aperi·
2550 2901 2763 2979 affl-cca-

423 2991 579 3052 dum,
612 2993 819 3066 semper
831 3010 1047 3067 aquam,
1117 2988 1358 3045 uandoin
1373 3008 1458 3045 va·
1509 3005 1591 3046 tur
1613 3031 1627 3052 ,
1666 3005 1792 3044 tunc
1847 3004 2115 3047 externum
2160 2997 2329 3044 a'e'rem
2382 3006 2531 3046 tanto
2550 2990 2742 3043 ‘aewest-

425 3083 554 3126 cuo,
591 3064 786 3139 aliquid
809 3010 1248 3124 a'erisvelodoris,
1284 3068 1338 3117 in
1351 3062 1458 3136 spa·
1481 3074 1488 3102 ¹
1508 3082 1627 3119 cum
1652 3068 1855 3135 impetu
1875 3067 2064 3116 irruere
2085 3069 2141 3116 in
2166 3069 2417 3133 majorem
2452 3081 2534 3119 tu·

425 3144 558 3192 tium
622 3137 749 3191 illud
810 3135 1140 3192 circumstans
1200 3154 1418 3192 vacuum
1445 3175 1461 3198 ‚
1510 3138 1688 3193 bumA
1718 3139 2049 3208 &aquamita
2062 3152 2322 3207 premere,
2358 3151 2535 3192 utnon

425 3215 828 3265 communicare.
907 3207 1067 3263 Unde
1092 3217 1247 3265 etiam
1311 3206 1458 3264 ersae-
1510 3212 1675 3267 solum
1712 3224 1984 3262 momento
2021 3207 2255 3263 ascendat
2275 3216 2330 3264 in
2354 3210 2537 3264 tubum

464 3288 544 3338 ius
580 3287 788 3337 iteratas
825 3282 1057 3338 actiones
1093 3288 1262 3338 anima
1301 3288 1460 3342 verti,
1513 3281 1590 3338 cd
1612 3325 1626 3344 ‚
1659 3299 1835 3338 verum
1858 3285 2013 3335 etiam
2038 3298 2237 3354 partem
2260 3288 2371 3352 ejus
2392 3282 2538 3357 supe-

422 3304 677 3412 ssullulam
730 3354 877 3409 istam
928 3353 1134 3429 singulis
1179 3355 1371 3412 vicibus
1402 3359 1460 3408 in
1513 3361 1700 3411 riorem
1712 3352 1963 3416 avulsam,
1994 3353 2041 3408 la
2079 3363 2218 3410 ueari
2252 3373 2462 3410 camerae
2475 3355 2540 3409 al-

425 3429 553 3486 tubo
592 3451 617 3482 c
640 3426 682 3481 d
713 3434 988 3490 excitatam
1028 3432 1079 3481 ὃ(
1150 3446 1203 3482 er
1248 3445 1462 3485 conver·
1516 3428 1675 3491 lidat,
1710 3427 1820 3481 imo
1840 3442 2006 3482 totam
2050 3428 2175 3480 imul
2187 3426 2538 3482 machinulam

427 3503 628 3559 fionem
656 3499 966 3556 machinulae
1017 3506 1071 3554 in
1127 3506 1318 3573 parium
1348 3499 1462 3556 tubi
1516 3502 1696 3558 elevet.
1744 3498 1966 3566 3.Quod
1987 3501 2092 3552 haec
2110 3498 2540 3554 machinulasem-

434 3575 690 3650 Asaepius
720 3573 1010 3649 protrusam
1031 3615 1045 3633 ,
1084 3571 1296 3629 demum
1334 3592 1463 3649 quo·
1516 3593 1607 3648 per
1639 3570 1777 3628 lente
1813 3570 2123 3626 inflectenda
2158 3570 2219 3627 fit
2245 3614 2259 3633 ,
2306 3589 2374 3625 ne
2407 3591 2540 3646 aqua

429 3654 611 3718 quein
640 3648 742 3702 hoc
764 3653 949 3717 majori
974 3647 1131 3706 tubo,
1168 3647 1361 3720 aliquid
1385 3652 1467 3700 ae·
1520 3646 1732 3711 celerius
1769 3651 1823 3699 in
1871 3643 2205 3700 canaliculum
2250 3666 2274 3698 c
2296 3641 2334 3698 d
2385 3651 2542 3700 irruat

430 3714 1023 3795 rissenfibilepeperiffe,
1057 3723 1377 3794 quiaaquain
1390 3735 1468 3773 tu·
1519 3740 1579 3775 ac
1615 3738 1736 3774 eum
1774 3717 2085 3792 disrumpat3
2131 3722 2260 3772 ratio
2299 3716 2407 3771 haec
2441 3718 2543 3780 est,

434 3792 503 3846 bo
541 3814 564 3845 c
589 3793 629 3846 d
640 3836 652 3855 ‚
689 3811 799 3849 non
847 3791 1066 3847 eandem
1105 3806 1163 3846 ut
1183 3809 1335 3847 antea
1358 3792 1466 3848 alti·
1493 3798 1641 3868 ‚quia
1678 3790 1845 3846 nullus
1891 3798 1976 3845 a‘er
2023 3795 2079 3843 in
2120 3789 2401 3844 canaliculo
2448 3790 2543 3844 isso

435 3863 674 3938 tudinem
694 3887 812 3923 cum
837 3884 969 3941 aqua
994 3862 1104 3919 tubi
1139 3874 1180 3916 A
1217 3865 1464 3924 obtinuit,
1519 3865 1743 3939 reliquus
1780 3863 1856 3918 est
1883 3904 1897 3924 ,
1944 3868 2034 3936 qui
2084 3882 2267 3938 aquam
2315 3868 2543 3937 praecipi-

436 3935 526 3993 sed
547 3936 598 3991 se
634 3943 748 4012 (per
780 3941 1124 4014 spontaneum
1159 3943 1287 3992 aeris
1319 3956 1468 3992 cona·
1517 3953 1716 3993 tantem
1753 3934 1921 3991 sistere
1957 3952 2154 4015 queat3
2201 3952 2349 3990 tanto
2390 3940 2543 4007 igitur

439 4028 555 4067 tum
607 4009 693 4065 seu
740 4020 846 4068 vim
883 4011 1237 4079 dilatativam)
1275 4009 1471 4068 elevare
1518 4029 1637 4065 cum
1673 4015 1871 4082 impetu
1894 4012 1943 4062 &
1967 4011 2165 4081 fragore
2190 4008 2410 4061 illabitur
2435 4048 2448 4067 ,
2486 4021 2543 4060 ut

442 4088 618 4158 coepit..
1493 4082 1927 4168 [praecipitatione
1964 4098 2052 4135 aut
2095 4079 2239 4134 fluxu
2281 4078 2404 4140 su0,
2449 4078 2540 4133 du-

524 4159 591 4209 Et
626 4174 939 4233 quamquam
975 4158 1115 4213 hunc
1149 4173 1358 4230 quoque
1395 4149 2133 4236 ae-firitiemlapidumreferre
2147 4150 2403 4213 videatur,
2440 4169 2546 4225 qua

442 4248 552 4285 tem
592 4227 621 4283 ὲ
655 4229 783 4286 tubo
826 4237 1010 4303 majori
1035 4234 1084 4284 Α
1113 4273 1126 4293 ,
1174 4228 1355 4303 saepius
1389 4222 2443 4350 ex·'5istitubivitreifrangluntunacfihoc
2456 4223 2543 4277 fie-

2092 4316 2122 4349 2
2453 4310 2549 4358 ret,

1468 1957 1474 1983 l
