3068 4718
868 258 970 312 οε
1019 257 1539 315 ΡιΑιιτετΑιιιο
1587 257 2074 317 εῖετιΜΑῑ-ε.

2414 286 2518 332 ²15

399 355 454 407 in
462 349 604 426 globo
613 353 882 422 illoJoviali
891 352 1087 411 tandem
1097 356 1275 419 lateat,
1298 360 1429 423 cujus
1489 369 1572 411 tra
1581 372 1790 413 creatum
1815 358 1875 419 ἐς
1897 363 2133 414 extimum
2143 376 2303 413 rerum
2312 364 2518 413 omnium

390 429 560 499 gratia
569 433 763 482 comites
773 427 853 481 illi
874 468 889 490 ,
911 442 1012 483 tam
1032 428 1151 485 inde

1232 450 1257 484 o
1281 429 1341 491 ᾤ’
1361 447 1433 481 or·
1476 430 1709 501 fhrnicem
1731 427 2085 504 comprehendi,
2104 430 2317 505 expreffl
2327 433 2517 500 sentire

394 498 562 554 dinato
583 500 742 569 cursu,
764 503 946 571 Jovem
971 500 1121 556 obeun
1157 523 1183 557 o
1215 501 1435 557 continuo
1486 499 1689 557 videtur
1721 499 1986 558 cardinalis
2020 502 2255 558 Cusanus
2271 511 2376 575 jam
2400 508 2514 559 cita·

393 574 469 626 ita
468 571 676 642 solliciti
689 573 1078 650 &occupatifint.
1117 580 1248 628 Fieri
1270 587 1430 628 autem
1484 586 1594 638 tus3
1613 575 1752 647 quifi
1764 580 1902 649 lovis
1914 580 2215 636 comitatum,
2239 582 2436 629 Saturni
2445 577 2514 629 la·

391 649 670 717 gyrationes
684 646 1087 709 &circulationes
1101 644 1329 700 diflorum
1349 654 1427 698 Co·
1483 659 1696 711 terones,
1721 653 1908 702 Veneris
1937 651 1996 709 &³
2021 651 2265 701 Mercurii
2289 653 2513 702 lunatica

397 721 567 770 mitum
589 716 751 785 filius
790 720 996 774 Telluris
1034 720 1201 783 nostrae
1229 719 1422 794 gratia,
1469 719 1746 790 phasmata,
1772 718 1910 773 modo
1914 720 2118 796 falcata,
2141 717 2277 773 modo
2292 719 2417 787 Jemi
2446 722 2514 773 le·

394 802 586 842 tantum
597 787 741 857 abest,
753 805 809 846 ut
820 789 1034 864 equidem
1045 789 1234 844 credam
1249 832 1264 854 ,
1284 809 1428 862 quan·
1481 810 1544 844 na
1557 833 1570 857 ‚
1592 789 1769 846 deinde
1775 790 1971 864 gibbo-fia
1995 794 2053 854 ἐς·
2065 806 2168 846 tum
2173 792 2319 865 plena
2333 815 2352 851 ,·
2412 795 2511 845 eni·

391 859 666 917 tumaverb
692 865 898 917 alienum
920 860 1157 924 arbitror,
1178 862 1428 930 menstruas

394 953 452 986 no
457 932 561 1004 (ἕνα
574 944 718 990 Lunae
730 936 1058 990 circulationes
1073 941 1199 989 circa
1219 948 1429 989 centrum

382 1011 526 1072 suum
563 1009 759 1062 Terram
783 1048 797 1070 ,
818 1010 949 1078 Jovis
983 1022 1070 1062 aut
1093 1013 1290 1062 Saturni
1310 1006 1432 1076 fieri

396 1079 554 1155 causa.

1482 883 1569 936 que
1582 864 1771 919 lunares
1786 879 1966 918 montes
1983 904 1997 926 ,
2013 865 2166 918 valles
2195 864 2254 926 ἃς
2275 869 2513 918 cavitates

1483 938 1816 1015 conspexiffet3
1849 935 1973 1008 quid
1987 934 2103 990 inde
2119 951 2259 1008 putas
2283 955 2389 990 eum
2410 956 2515 990 con·

1483 1009 1557 1062 clu
1547 1011 1717 1078 surum
1717 1007 1860 1082 suff
1875 1021 1897 1061 ἑ
1900 1010 2071 1082 procul
2077 1005 2221 1063 dubio
2233 1008 2386 1062 adbuc
2394 1007 2514 1062 mul-

1485 1082 1536 1136 to
1548 1085 1688 1157 magns
1702 1088 1752 1134 in
1778 1085 1872 1149 sua
1896 1086 2110 1154 opinione
2131 1081 2434 1150 confirmatus
2446 1081 2514 1149 es·

470 1158 612 1206 Fines
647 1155 804 1223 igitur
838 1151 1012 1206 talium
1046 1156 1267 1207 comitum
1280 1193 1294 1214 ,
1328 1153 1431 1205 cum
1477 1154 1581 1223 set,
1616 1154 1747 1208 certe
1766 1173 1870 1208 cum
1892 1154 2070 1207 nullam
2093 1155 2283 1226 quidem
2307 1159 2517 1229 Jpeciem

386 1223 584 1300 proprie
601 1227 733 1288 Iovis
750 1221 944 1298 globum
957 1226 1185 1299 respicere
1196 1227 1326 1294 satis
1342 1226 1432 1293 fito

396 1310 525 1351 motu
561 1310 803 1371 arguant;
825 1299 1032 1374 prosedo
1054 1296 1236 1351 nudum
1261 1298 1321 1359 ξς·
1344 1317 1432 1351 va·

397 1374 1059 1497 {uzuijaezmdqqzrcomitari
1081 1410 1096 1431 ,
1132 1367 1270 1425 haud
1290 1375 1436 1424 etiam

1487 1230 1758 1352 iffseriorem
1769 1233 1915 1280 etiam
1931 1266 1945 1287 ,
1966 1231 2017 1280 in
2031 1232 2172 1280 unius
2167 1226 2326 1296 filum
2335 1222 2523 1281 indivi-

1523 1304 1576 1352 ui
1584 1318 1771 1365 carcere
1780 1298 2056 1373 (nififhrsan
2062 1296 2244 1373 sabulae
2260 1296 2321 1353 de
2336 1302 2522 1354 Phoeni·

1489 1391 1540 1426 ce
1552 1391 1646 1427 ave
1664 1368 1833 1442 ,fidem
1856 1369 2055 1441 habeas)
2079 1369 2411 1427 adumbratam
2425 1412 2441 1435 ,
2463 1373 2523 1434 &⁹

1491 1445 1717 1513 inclusam
1726 1445 1813 1513 effe
1827 1486 1842 1509 ,
1851 1441 2155 1512 sedcaeteras
2167 1464 2325 1500 omnes
2341 1462 2432 1520 per
2453 1450 2525 1499 in-

475 1519 707 1570 Novimus
717 1513 912 1587 quidem
914 1516 1193 1591 plerumque
1204 1523 1355 1592 Reges
1356 1515 1439 1584 se-
1494 1515 1707 1573 dividua
1718 1517 1908 1588 infinito
1919 1515 2049 1589 quafi
2055 1536 2245 1571 numero
2260 1519 2526 1592 replicatas,

402 1587 671 1659 crettffimos
697 1587 784 1657 effe
801 1628 817 1650 ,
846 1608 992 1662 neque
1004 1588 1154 1664 facil&
1174 1590 1442 1657 ficretiora
1495 1590 1920 1666 multiplicatusque
1932 1587 2187 1644 videamus
2198 1612 2218 1650 ;
2240 1592 2349 1645 hinc
2358 1589 2410 1660 fi
2422 1596 2526 1664 quis

394 1661 488 1730 fita
513 1667 640 1724 loca,
693 1663 928 1716 enetralia
954 1664 1013 1724 ξς
1038 1681 1234 1715 arcanos
1259 1665 1445 1728 thelau-
1497 1663 1626 1719 idem
1639 1663 1842 1738 respee‘lu
1857 1661 2044 1717 Mundi
2057 1661 2325 1731 ficbalterni
2346 1666 2404 1726 ξς
2423 1664 2530 1716 Tel-

404 1752 485 1787 ros
504 1676 719 1789 omnibsa
747 1735 837 1804 effe
857 1755 886 1788 a
921 1749 1051 1788 ertos
1065 1774 1077 1786 .
1140 1731 1276 1809 Qid
1290 1739 1446 1808 igitur
1498 1738 1731 1806 luris,etfi
1742 1733 1876 1789 nobis
1890 1733 2245 1809 ignorantibus,
2258 1736 2286 1791 ἃ
2299 1740 2391 1791 Ter
2401 1740 2531 1810 opti-

397 1821 634 1880 pauperes
663 1825 748 1860 nos
772 1805 834 1860 de
858 1750 1073 1879 elittffimi
1106 1814 1250 1881 Regis
1261 1807 1447 1877 seculo·
1499 1831 1572 1865 mo
1584 1815 1812 1864 Maximo
1835 1807 2086 1863 Conditore
2100 1810 2239 1884 ficiffe
2259 1810 2434 1885 sallum
2442 1811 2530 1877 su-

405 1899 514 1933 rum
528 1881 889 1941 &immortalis
905 1884 1090 1933 arcanis
1123 1883 1183 1941 ἐς
1203 1877 1446 1948 abscondi·
1485 1886 1788 1958 spicaretur,
1814 1881 1952 1934 haud
1970 1894 2134 1934 contra
2155 1885 2389 1935 rationem
2411 1884 2531 1956 puto

403 1956 473 2007 tis
482 1953 721 2020 thesauris
739 1952 919 2025 ftullra
928 1950 1297 2026 perstrutandis
1315 1950 1447 2026 defit-
1499 1955 1643 2008 talem
1678 1954 2057 2016 coniectationem
2085 1955 2303 2022 flaturam
2332 1977 2351 2014 ;
2386 1971 2533 2026 neque

406 2029 643 2098 tigamur?
653 2024 1059 2098 Praestatprofec‘lo
1074 2021 1302 2089 ejusmodi
1317 2027 1441 2078 Phae-
1488 2030 1572 2102 sor
1594 2046 1654 2080 an
1681 2031 1829 2079 etiam
1853 2039 2014 2079 contra
2022 2020 2175 2093 fidem
2189 2065 2203 2086 ,
2224 2027 2327 2080 ciem
2353 2027 2534 2080 nullam

404 2115 602 2151 nomena
623 2110 846 2168 tanquam
867 2102 1219 2170 omnipotentiae
1238 2138 1252 2159 ,
1292 2098 1353 2159 ξς
1371 2095 1448 2167 fiz-
1485 2100 1540 2169 fi
1566 2104 1615 2154 ei
1622 2096 1911 2173 praemiffizm
1933 2095 2188 2152 habeamus
2203 2138 2215 2159 ,
2232 2118 2299 2154 ex
2321 2119 2412 2170 qua
2435 2103 2538 2171 qui·

395 2174 702 2245 pientiaeDei
710 2183 992 2243 argumenta
1005 2184 1281 2225 reverenter
1325 2174 1450 2223 otius
1501 2173 1611 2227 dem
1636 2170 1817 2226 direti&
1838 2173 1981 2226 liceat
1998 2168 2297 2233 concludere,
2333 2192 2422 2226 non
2450 2171 2537 2240 effe

406 2241 674 2304 admirari,
694 2263 833 2315 quam
847 2239 910 2296 de
926 2247 997 2296 eis
1022 2248 1180 2298 minus
1200 2186 1324 2298 redi
1347 2262 1452 2297 con·
1491 2245 1659 2322 plures
1676 2240 1874 2299 mundos
1898 2286 1912 2307 ,
1937 2242 2095 2314 namfi
2104 2243 2214 2314 effet
2234 2245 2394 2318 aliqua
2418 2246 2439 2297 ,Ι
2459 2244 2544 2298 vel

397 2312 626 2387 jeHando
635 2313 774 2388 quafi
780 2313 1010 2370 delirare.
1503 2318 1613 2390 efflet
1626 2317 1656 2373 ὰ
1666 2319 1810 2387 sttcra
1822 2324 2069 2394 Scriptura
2081 2357 2095 2379 ,
2119 2316 2210 2372 vel
2226 2315 2287 2372 ab
2311 2317 2510 2388 Ecclesia
2520 2339 2542 2378 ,-

479 2389 620 2443 Certe
653 2386 853 2442 dubium
876 2409 966 2442 non
988 2389 1054 2454 ell
1065 2390 1216 2442 multa
1240 2390 1325 2458 effe
1336 2390 1453 2443 late·
1505 2407 1559 2447 at
1570 2406 1744 2446 neutra
1765 2388 1942 2445 habere
1960 2391 2107 2445 ullam
2126 2387 2344 2445 videtur.
2380 2400 2545 2463 Neque

413 2480 558 2533 reque
569 2466 621 2513 in
631 2461 769 2515 Coelis
797 2457 930 2514 nobis
948 2462 1123 2514 nedum
1148 2467 1334 2533 cognita
1346 2502 1359 2523 ,
1381 2479 1456 2514 ne-
1509 2471 1635 2519 enim
1646 2461 1838 2536 aliquid
1842 2469 1894 2517 in
1905 2469 2150 2538 Scriptura
2159 2460 2340 2518 direct&
2350 2467 2543 2517 inveni-

411 2552 502 2608 que
515 2532 649 2608 fhrte
662 2537 810 2586 etiam
832 2530 1085 2605 aliquando
1097 2538 1149 2587 in
1170 2536 1256 2587 hac
1265 2538 1377 2587 vita
1388 2552 1460 2586 co·
1510 2551 1595 2591 tur
1608 2576 1622 2598 ,
1643 2533 1775 2609 quod
1782 2542 1935 2609 magis
1935 2539 2113 2609 favere
2126 2541 2210 2589 uni
2232 2550 2375 2606 atque
2397 2536 2546 2588 alteri

409 2604 678 2681 gnoscenda
692 2645 706 2668 ³
742 2619 904 2681 utpote
930 2606 1094 2678 fhrstm
1115 2603 1174 2660 ob
1187 2608 1341 2676 causas
1355 2615 1458 2660 Deo
1511 2613 1719 2683 opinioni
1726 2607 1964 2662 videatur
1977 2649 1990 2670 ,
2002 2605 2094 2668 nifi
2097 2604 2227 2680 quod
2233 2606 2427 2661 omniaa
2441 2615 2547 2661 Deo

414 2694 552 2735 notas
564 2719 577 2740 ,
597 2680 804 2734 alterius
819 2683 938 2733 vitae
948 2678 1185 2752 felicitati
1196 2683 1458 2747 reservata,
1498 2684 1630 2758 fhc‘la
1641 2680 1881 2736 dicantur.

413 2771 521 2826 quae
555 2767 714 2806 tamen
736 2765 1000 2825 propterea
1019 2772 1109 2805 non
1142 2753 1350 2817 existere
1373 2752 1463 2805 vel
1581 2762 1650 2808 Et
1658 2755 1775 2808 licet
1784 2758 2032 2827 Scriptura
2043 2749 2289 2807 Mundum
2298 2752 2447 2805 alium
2458 2771 2548 2805 non

407 2844 508 2880 non
530 2825 618 2896 effe
642 2822 872 2893 censenda
892 2823 1042 2892 sunt,
1074 2822 1206 2897 quod
1213 2824 1248 2892 a*
1275 2831 1458 2878 nemine
1510 2840 1865 2890 commemoret;
1902 2825 2052 2879 alium
2085 2839 2245 2879 tamen
2273 2821 2430 2878 adhuc
2459 2821 2548 2894 effe

412 2898 634 2954 mortalis
671 2900 818 2968 hujus
855 2896 1000 2966 nostri
1031 2895 1165 2971 globi
1201 2899 1459 2952 incolarum
1502 2914 1651 2975 prout
1662 2918 1809 2972 neque
1819 2897 2035 2974 expreff}
2043 2893 2200 2960 docet,
2213 2897 2279 2963 fic
2302 2915 2450 2969 neque
2460 2896 2548 2965 effe

410 2972 500 3042 effi·
530 3013 545 3033 ,
580 2985 667 3025 aut
704 2969 912 3039 existere
948 2973 1294 3044 cognofiantur.
1348 2981 1458 3025 Cum
1512 2987 1660 3048 negat
1682 2996 1700 3026 .·
1727 2991 1874 3045 neque
1884 2977 2010 3026 enim
2022 2991 2164 3025 unum
2185 2991 2261 3025 ma
2294 2976 2338 3024 is
2349 2990 2404 3023 ac
2427 2971 2549 3024 alte-

410 3050 539 3099 enim
551 3044 807 3110 existentia
818 3062 979 3097 rerum
999 3084 1015 3108 ,
1025 3043 1095 3114 fit
1112 3045 1315 3122 respec‘iu
1328 3064 1458 3099 crea·
1513 3067 1619 3101 rum
1634 3047 1832 3115 afferere
1842 3043 2059 3099 videtur.
2100 2992 2294 3098 Deind}
2301 3063 2390 3097 non
2402 3047 2552 3096 etiam

410 3132 540 3171 turae
553 3117 821 3178 rationalis,
839 3114 899 3170 ab
911 3122 1015 3186 ejus
1014 3122 1222 3183 scientia
1235 3121 1296 3181 ξς
1306 3122 1461 3191 cogni·
1506 3121 1726 3192 sequitur
1762 3119 1843 3187 (ut
1878 3115 2116 3189 doc‘bffimi
2130 3126 2238 3171 Pat.
2284 3114 2552 3171 Mersenni

413 3195 546 3243 tione
558 3186 909 3263 independens,
923 3192 1031 3244 hinc
1043 3186 1230 3263 quidem
1238 3194 1323 3246 ida
1337 3196 1457 3271 opti·
1512 3191 1678 3247 verbis
1712 3200 1964 3247 Comment.
2001 3196 2054 3244 in
2089 3189 2285 3258 Genesin
2320 3204 2417 3263 cap.
2434 3208 2484 3241 2.
2501 3202 2551 3261 p.

415 3259 711 3328 mefinehac‚
731 3260 1030 3332 etſshaecfine
1039 3265 1123 3318 iffa
1137 3304 1151 3326 ‚
1174 3270 1455 3338 caeterispa-
1521 3272 1656 3320 1080
1672 3307 1687 3326 ,
1725 3268 1857 3329 utar)
1893 3284 1983 3317 non
2018 3264 2105 3333 effe
2130 3262 2299 3336 plures
2334 3256 2548 3322 mundos,

420 3333 579 3400 ribus,
590 3337 678 3406 effe
694 3354 752 3388 ne
782 3350 909 3390 ueat.
926 3341 1003 3390 Sic
1012 3335 1072 3391 ab
1084 3340 1300 3414 exemplo
1318 3336 1451 3408 disci-
1513 3344 1724 3394 maxime
1733 3334 2041 3407 fiebalternos
2063 3378 2078 3399 ,
2117 3338 2175 3398 ξς
2203 3336 2359 3390 veluti
2377 3347 2551 3408 partes

415 3429 522 3464 mus
545 3355 810 3483 Antipodgs
832 3408 980 3478 nostro
992 3407 1096 3464 orbi
1106 3413 1297 3487 semper
1317 3417 1454 3467 coex-
1512 3418 1664 3468 totius
1677 3410 1894 3480 univerfi
1904 3405 2483 3484 integrantesprodublos,
2496 3404 2551 3459 eb

403 3481 584 3556 stittffi
594 3523 608 3545 ,
630 3481 722 3553 etfi
732 3481 763 3536 ἃ
774 3487 960 3537 nemine
979 3484 1180 3549 nostrum
1192 3489 1325 3556 forte
1344 3501 1458 3541 ante
1513 3484 1644 3560 quod
1648 3483 1777 3540 ilud
1787 3493 1833 3537 S.
1842 3489 2085 3557 Scriptura
2084 3481 2278 3553 filentio
2291 3478 2546 3534 obvolvat.-

418 3577 521 3612 200
533 3575 679 3612 annos
692 3559 872 3630 cogniti
867 3560 1078 3628 suerint.
1103 3563 1302 3614 Comites
1314 3565 1459 3614 etiam
1514 3579 1616 3616 cum
1628 3576 1774 3631 neque
1785 3559 1884 3612 alia
1898 3556 2050 3611 multa
2063 3553 2230 3609 doceat
2244 3594 2258 3617 ,
2280 3570 2382 3625 quae
2391 3565 2551 3605 tamen

406 3636 548 3702 Jovis
569 3628 730 3685 eidem
753 3643 1021 3683 concreatos
1036 3671 1052 3693 ‚
1072 3637 1267 3685 Saturni
1288 3633 1459 3687 latero·
1507 3633 1634 3712 sada
1657 3630 1745 3701 effe
1762 3636 1814 3685 in
1838 3626 2038 3683 dubium
2059 3628 2329 3683 nudatenus
2353 3642 2548 3678 revoca-

420 3723 506 3758 nes
516 3704 639 3759 verb
651 3711 700 3758 ei
711 3721 893 3758 coaevos
898 3709 1003 3774 jam
1014 3701 1044 3755 ὰ
1051 3707 1210 3776 prima
1224 3725 1382 3760 rerum
1384 3713 1464 3781 fis-
1517 3725 1636 3762 mus.
1679 3715 1841 3777 Neque
1861 3708 2010 3758 etiam
2034 3699 2179 3756 aliud
2193 3713 2549 3754 commemorare

421 3781 493 3830 cie
503 3778 762 3844 coExistere
773 3780 880 3851 quis
892 3777 1029 3846 Janae
1040 3783 1215 3831 mentis
1239 3774 1462 3833 dubitet.>
1512 3783 1671 3852 forsan
1690 3778 1877 3841 voluit,
1900 3795 2038 3848 quam
2059 3793 2116 3829 ea
2140 3814 2155 3836 ,
2181 3790 2284 3846 quae
2307 3780 2440 3825 Deus
2461 3780 2548 3822 aut

422 3868 526 3902 cum
562 3864 719 3905 tamen
740 3864 858 3905 ante
880 3847 989 3905 tubi
1011 3855 1155 3924 optici
1170 3855 1375 3923 primam
1389 3857 1462 3905 in·
1505 3852 1611 3922 suae
1629 3851 1829 3912 Glorioe,
1865 3863 1952 3903 aut
1961 3848 2128 3914 nostrae
2149 3847 2306 3900 Saluti
2326 3845 2547 3898 conveni·

423 3927 692 3977 ventionem
726 3942 877 3997 neque
911 3925 996 3978 hos
1020 3929 1072 3977 in
1094 3942 1254 3977 rerum
1274 3938 1463 3986 natura,
1517 3945 1573 3980 re
1600 3922 1846 3987 judicavit
1861 3945 1880 3976 .-
1908 3927 2097 3995 jamque
2114 3924 2288 3976 tritum
2310 3918 2398 3984 effe
2419 3909 2554 3987 apud

422 4013 572 4068 neque
585 3995 696 4050 illos
706 4001 758 4051 in
770 3995 916 4053 rebus-
915 4002 1134 4073 patratis
1146 3994 1339 4051 umbras
1356 4003 1459 4070 qui·
1518 4016 1677 4053 omnes
1688 4037 1702 4059 ,
1722 3996 1853 4051 idem
1865 4001 1969 4062 jam
1981 4002 2155 4049 citatus
2167 4002 2319 4046 Autor
2332 3994 2406 4043 ait
2417 4028 2430 4049 ,
2451 3987 2546 4055 sci-

421 4063 529 4122 dem
552 4066 765 4123 obtinere
791 4091 994 4145 unquam
1019 4069 1079 4124 ab
1106 4071 1265 4143 aliquo
1285 4085 1458 4124 morta·
1518 4072 1633 4126 licet
1650 4083 1981 4147 argumentum
2003 4066 2064 4122 ab
2086 4069 2348 4122 autoritate
2361 4063 2546 4134 negati·

422 4142 543 4196 lium
559 4139 1292 4221 necquidemfimniatumficerit
1308 4146 1410 4205 &a
1519 4166 1586 4199 va
1597 4142 1861 4213 desumtum
1875 4161 1965 4195 non
1978 4158 2140 4213 cogere
2157 4179 2170 4200 ,
2190 4132 2335 4191 verbi
2349 4138 2513 4207 gratia
2526 4152 2546 4181 ··

493 4223 662 4289 Itaque
666 4216 835 4290 plures
832 4217 1138 4285 subalternos
1150 4215 1349 4273 mundos
1358 4218 1459 4272 vel·
1518 4223 1764 4296 Scriptura
1776 4224 1916 4269 S.non
1928 4217 2145 4266 meminit
2157 4213 2303 4271 buius
2312 4208 2401 4264 vel
2407 4206 2545 4260 illius

421 4294 498 4343 uti
495 4303 671 4365 partes
682 4295 832 4345 totius
844 4290 1051 4364 univerfi
1059 4298 1361 4369 integrantes
1385 4297 1459 4346 in·
1519 4297 1622 4353 rei,
1648 4298 1706 4345 Ε.
1717 4308 1795 4345 res
1806 4290 1891 4343 iffa
1900 4305 1990 4342 non
2002 4287 2068 4352 est
2079 4327 2098 4352 ,
2118 4285 2219 4347 &a
2448 4345 2550 4403 sed
