3068 4718
1149 212 1518 283 'LlssnR
1594 222 2053 283 SEXTUS,

568 242 665 291 208

570 334 648 387 Ut
660 324 1123 402 itaqueSinusang.
1193 321 1279 378 Ad
1292 322 1437 377 suum
1459 317 1904 392 complementum
1938 318 2059 374 scili·
2133 317 2213 372 Sic
2226 313 2580 375 Semidiamet.
2594 319 2721 377 Ter-

641 400 954 477 parallaxeos
978 439 990 461 ,
1014 397 1085 452 ba
1096 420 1129 473 g
1153 338 1171 489 ι
1269 411 1352 450 cet
1389 391 1454 448 ad
1476 393 1660 468 Sinum
1673 392 1844 468 anguli
1873 412 1903 445 a
1926 414 1962 466 g
1986 390 2036 454 b,
2097 329 2112 483 Ι
2207 407 2274 445 rae
2310 387 2396 444 ad*
2422 388 2718 450 distantiam

648 464 820 535 1-153
1275 475 1336 533 89
1359 484 1430 541 gt·
1473 471 1708 540 58-4'2
2210 460 2470 530 Solisba,

796 552 962 615 37815
1002 547 1050 610 (1
1157 493 1175 604 Ι
1485 560 1756 607 99999993
1796 539 1850 607 (1
2096 483 2114 595 1
2449 559 2472 591 1
2517 539 2574 607 (0

360 634 536 692 ³⁰¹d³st¹⁸5
578 639 934 697 producentur
973 647 1172 702 2644‚4
1208 635 1280 703 (1.
1318 629 1698 687 semidiametri
1711 633 1888 688 Terrae
1915 649 2011 706 pto
2029 628 2266 685 distantia
2279 628 2442 694 SoliS,
2463 648 2577 706 quae
2591 647 2713 686 con-

651 714 876 771 stituunt
918 731 947 763 2
978 726 1080 774 274
1104 714 1207 774 184
1241 706 1479 762 milliaria
1491 708 1783 778 germanica

342 697 362 722 2
369 689 446 733 644
452 686 555 733 semt-

337 737 558 775 diamrma.

339 1330 540 1371 Semidiam.

336 1390 438 1421 Terra
455 1382 498 1428 est
509 1380 557 1420 ad

336 1433 418 1471 Solis
431 1443 473 1471 ut
490 1446 503 1468 ι

338 1486 386 1523 ad
404 1499 416 1522 ι
432 1488 482 1544 ιὲ.

365 2817 422 2857 Sol
445 2817 557 2870 major
597 2851 604 2858 .

335 2871 379 2921 est
407 2874 507 2908 Terra

343 2936 357 2959 ι
365 2934 412 2971 5²
423 2935 436 2960 1
462 2921 552 2959 vici·

337 2973 398 3013 bu}
403 2999 411 3011 ι
459 3009 463 3011 r

1067 847 1217 903 Porrb
1242 861 1335 921 pro
1373 840 1725 918 Magnitudine
1760 843 1871 894 Solis
1905 837 2201 897 invenienda
2220 863 2238 893 .-

1048 983 1202 1037 2644,
1218 989 1251 1036 4
1274 975 1326 1038 (1
1364 967 1620 1023 Distantia
1632 964 1768 1021 Solis
1790 964 1820 1019 b
1832 984 1874 1017 a.

1089 1064 1119 1095 2
1127 1064 1250 1109 50‚7
1269 1043 1292 1111 (
1310 1064 1330 1095 ι
1364 1038 1670 1116 Longitudo
1685 1045 1806 1093 coni
1818 1034 2028 1091 Umbra:
2042 1037 2079 1091 d
2084 1037 2128 1092 b.

1048 1177 1240 1235 2895‚1
1267 1173 1329 1236 (1
1357 1167 1495 1223 linea
1521 1166 1610 1220 da.

654 1242 845 1306 Utdb,

651 1338 810 1382 25o,7
852 1318 903 1384 (t

966 1242 1052 1301 Ad
1065 1242 1518 1298 Semidiametrum
1534 1241 1710 1294 Terrae
1728 1279 1741 1299 ‚

1162 1318 1771 1381 ——1(0...-.......
1820 1339 1970 1353 .-..

1793 1132 1830 1140 Α

1823 1237 1906 1292 Sic
1930 1236 2008 1292 da
2030 1233 2096 1292 ad
2122 1234 2419 1293 Semidiam.
2443 1239 2582 1298 Solis

2123 1318 2375 1377 —--·289
2385 1331 2467 1376 5,1
2510 1316 2575 1383 (1

724 1415 1033 1468 Exorientur
1056 1430 1078 1463 1
1091 1430 1114 1463 1
1125 1451 1138 1471 ‚
1148 1429 1174 1474 5
1199 1413 1219 1477 (
1234 1431 1255 1464 1
1286 1408 1666 1464 Semidiametri
1676 1407 1852 1462 Terrae
1862 1426 1960 1482 pro
1975 1406 2375 1465 semidiametro
2387 1406 2537 1466 Solis.

1434 1554 1526 1602 Seu
1546 1549 1641 1601 alio
1666 1543 1799 1600 modo
1815 1569 1833 1599 .-

651 1677 729 1731 Ut
753 1689 921 1749 partes
961 1672 1116 1730 Radii
1184 1671 1272 1730 Ad
1300 1671 1591 1728 distantiam
1606 1670 1699 1726 So·
1769 1669 1854 1725 Sic
1865 1669 2116 1744 Tangens
2129 1687 2244 1744 ang.
2269 1670 2391 1733 abe,
2412 1671 2602 1731 scilicet
2612 1675 2702 1732 Se-

721 1746 816 1804 lin.
839 1746 869 1801 b
892 1768 937 1810 a,
1251 1745 1315 1802 lis
1340 1744 1371 1799 b
1395 1766 1439 1808 a,
1840 1742 2124 1799 mid'iamet.
2150 1742 2288 1800 Solis
2309 1751 2598 1820 apparentis
2630 1752 2710 1820 15⁵,

1837 1817 1904 1873 ad
1917 1816 2369 1874 Semidiametrum
2380 1819 2534 1878 Solis.

694 1913 957 1948 10000000
1194 1905 1396 1965 2644‚4
1418 1893 1473 1962 (1
1495 1916 1690 1933 —--·
1969 1904 2136 1960 43633

649 1969 962 2024 Provenient
991 1971 1175 2033 11‚538
1215 1966 1277 2034 (3
1313 1964 1610 2021 Semidiam.

1653 1962 1828 2019 Terrae
1850 1983 1948 2041 pro
1973 1963 2369 2021 semidiametro
2392 1964 2550 2030 Solis,
2587 1987 2708 2044 quae

721 2040 1034 2095 constituent
1048 2059 1109 2103 99
1120 2060 1180 2106 23
1199 2036 1432 2093 milliaria
1445 2039 1770 2092 Germanica.

651 2175 795 2248 Qia
815 2189 990 2230 autem
1014 2190 1172 2228 omne
1187 2189 1376 2248 corpus
1388 2171 1530 2246 quod
1542 2190 1608 2225 ex

578 2245 766 2322 angulo
778 2246 951 2304 visuali
977 2250 1036 2315 15⁴
1048 2250 1370 2301 minutorum
1397 2244 1607 2320 adspici-

579 2335 660 2376 tur
683 2363 696 2382 ‚
731 2321 934 2375 suarum
960 2316 1458 2373 semidiametrorum
1488 2336 1608 2380 229,

582 2399 643 2446 18
660 2394 714 2461 (2
732 2434 746 2455 ,
768 2390 830 2446 ab
857 2391 1012 2445 oculo
1037 2388 1187 2444 distat
1209 2389 1292 2457 (ut
1313 2387 1399 2441 lib.
1423 2408 1458 2457 4
1474 2429 1488 2449 ‚
1509 2403 1605 2515 ccip.

580 2487 604 2520 r
622 2489 662 2532 3·
688 2461 1179 2531 demonstravimus)
1202 2461 1427 2537 sequitur
1462 2459 1500 2515 st
1558 2479 1587 2515 e

575 2536 904 2593 midiameter
926 2537 1058 2591 Solis
1087 2553 1214 2608 11‚5
1225 2541 1281 2603 38
1320 2535 1401 2604 (3,
1439 2534 1612 2590 multi-

577 2612 798 2684 plicetur
809 2629 927 2665 cum
943 2630 1059 2675 229,
1078 2629 1099 2660 1
1114 2614 1138 2662 8
1173 2610 1195 2677 (
1203 2629 1247 2669 2,
1265 2607 1610 2683 quodprodu-

579 2701 723 2739 catur
747 2683 1001 2738 Distantia
1022 2679 1156 2737 Solis
1181 2690 1407 2748 2644‚28
1437 2682 1503 2750 (2
1534 2680 1608 2737 se-

577 2755 1024 2811 midiametrorum
1034 2756 1209 2810 Terrae
1225 2797 1238 2816 ,
1260 2770 1319 2809 ut
1332 2753 1494 2828 supra.

583 2925 672 2965 11,
699 2922 726 2967 5
758 2904 809 2972 (1
842 2945 857 2967 ‚
879 2903 961 2959 vel
990 2922 1012 2954 1
1035 2907 1087 2963 1}
1109 2899 1608 2957 semidiamettorum

575 2978 752 3032 Terrae
766 3017 780 3038 ‚
805 2983 903 3031 erit
916 2972 1096 3030 Cubus
1109 2973 1243 3030 Solis
1260 2997 1282 3028 1
1297 2996 1358 3039 52
1370 2996 1393 3027 1
1418 3014 1433 3037 ‚
1456 2979 1508 3029 &
1519 2994 1608 3048 per

578 3073 603 3105 1
612 3073 640 3116 9
649 3092 661 3104 .
673 3048 758 3103 lib.
769 3069 814 3113 5.
828 3046 1022 3104 Euclid.
1034 3050 1135 3116 (uti
1147 3052 1201 3102 in
1212 3045 1510 3102 antecedenti
1521 3048 1609 3102 lib.

573 3140 669 3198 cap.
697 3143 777 3176 22.
809 3120 1034 3177 deLuna
1057 3119 1306 3191 diximus)
1330 3126 1604 3194 proportio

570 3198 703 3251 Solis
722 3195 788 3250 ad
807 3194 1023 3249 Terram
1045 3209 1103 3248 ut
1119 3216 1141 3248 1
1156 3212 1249 3258 521
1287 3193 1353 3249 ad
1371 3216 1413 3248 1.
1457 3194 1601 3250 Con-

571 3267 841 3343 sequenter
854 3267 944 3321 Sol
959 3265 1032 3320 est
1051 3287 1073 3318 1
1086 3286 1179 3330 521
1212 3266 1410 3323 vicibus
1434 3274 1601 3340 major

572 3341 751 3396 Terra.

644 3418 723 3469 Ex
753 3413 939 3488 quibus
961 3426 1111 3467 antea
1135 3409 1267 3468 datis
1301 3417 1352 3466 &
1379 3419 1489 3484 jam
1525 3421 1600 3470 in-

570 3493 741 3545 ventis
754 3529 767 3549 ,
789 3493 1031 3544 certiores
1044 3480 1143 3539 esse
1155 3482 1416 3557 poss‘umus
1430 3488 1494 3541 de
1507 3488 1599 3542 So-

569 3560 632 3617 lis
646 3559 898 3616 Distantia
919 3563 968 3613 8(
991 3557 1354 3632 Magnitudine
1384 3581 1400 3621 ;
1423 3558 1599 3614 Nemo

573 3640 912 3708 enimnegare
942 3632 1143 3706 potest:
1183 3654 1226 3685 1.
1266 3629 1599 3686 Semidiame·

573 3722 681 3760 tros
694 3705 829 3761 Solis
840 3726 898 3761 ac
907 3709 1067 3760 Lunae
1081 3746 1096 3769 ‚
1121 3701 1312 3760 etiamsi
1328 3721 1438 3757 non
1453 3710 1598 3759 omni

570 3792 817 3852 tempore,
827 3793 1004 3834 tamen
1018 3782 1363 3833 communiter
1377 3781 1428 3830 ὃ(
1475 3796 1596 3833 uan-

573 3851 708 3906 doin
733 3852 1018 3908 meridiano
1034 3852 1335 3907 elevatiores
1345 3868 1404 3905 ac
1427 3870 1457 3906 a
1520 3856 1595 3905 ae'·

571 3929 641 3979 ris
653 3925 862 3980 crasfitie
872 3932 1107 4000 puriores
1117 3924 1229 3979 sunt
1242 3963 1256 3983 .
1279 3928 1502 3979 inveniri
1538 3948 1556 3981 1
1564 3927 1596 3993 ἐ

573 4002 700 4050 min.
755 4019 798 4051 2.
838 4001 1000 4052 Lunae
1036 3996 1324 4052 distantiam
1366 3995 1395 4049 a
1416 4014 1597 4052 centro

570 4071 745 4123 Tertae
758 4068 840 4124 ess
829 4089 856 4124 e
868 4084 935 4135 64
958 4071 1450 4125 semidiametrorum
1469 4072 1595 4125 Ter-

571 4160 638 4195 rae
666 4181 680 4201 ‚
720 4146 770 4195 &
808 4149 1038 4217 quamvis
1072 4157 1279 4217 propter
1313 4139 1379 4195 fic
1402 4140 1596 4198 dictum

574 4221 863 4288 Apogaeum
878 4219 928 4267 &
951 4218 1225 4289 Perigaeum
1249 4212 1496 4288 simulque
1520 4223 1598 4271 ae-

576 4292 643 4340 ris
678 4292 1031 4342 alterationem
1058 4330 1071 4349 ‚
1135 4288 1439 4345 Astronomi
1473 4306 1602 4343 nun-

653 2827 790 2886 Cum
818 2836 974 2905 igitur
984 2828 1374 2883 Semidiameter
1395 2828 1530 2885 Solis
1551 2826 1611 2884 fit

1660 2188 1816 2244 quam
1842 2165 1950 2225 fere
1978 2169 2199 2227 eandem
2227 2171 2500 2232 observent
2513 2176 2703 2236 distan-

1660 2249 1783 2296 tiam
1800 2283 1813 2303 ,
1842 2258 2015 2299 tamen
2029 2251 2441 2303 communiorem
2456 2259 2703 2307 omnium

1662 2312 1956 2369 distantiam
1982 2330 2051 2382 64
2086 2318 2261 2373 Terrae
2291 2320 2698 2381 semidiametro-

1661 2391 2072 2443 ruminveniunt.
2107 2410 2147 2456 3.
2174 2394 2370 2445 Verum
2381 2413 2592 2471 quoque
2607 2397 2699 2460 est,

1590 2494 1609 2503 -
1663 2458 1836 2514 Terrae
1860 2458 2324 2527 semidiametrum,
2344 2481 2584 2541 tempore
2608 2471 2699 2525 ali-

1663 2539 1810 2604 cujus
1837 2533 2084 2609 eclipseos
2098 2538 2312 2594 Lunaris
2326 2580 2343 2603 ‚
2367 2541 2520 2596 nobis
2541 2560 2699 2617 appa-

1663 2625 1774 2662 rere
1794 2614 1869 2682 46
1892 2613 2211 2664 minutorum
2236 2652 2250 2672 ,
2285 2630 2344 2667 ac
2372 2614 2566 2670 etiamsi
2587 2635 2698 2676 non

1662 2678 1863 2756 semper
1881 2680 1968 2736 sed
1991 2701 2056 2737 ex
2085 2681 2265 2738 iisdem
2292 2685 2527 2742 adduffis
2539 2696 2694 2747 ratio-

1665 2752 1817 2812 nibus
1842 2752 2184 2812 diversimode
2206 2797 2220 2817 ,
2256 2773 2431 2815 tamen
2456 2779 2694 2820 commu-

1665 2832 1799 2884 niter
1818 2826 2029 2903 quando
2052 2831 2200 2885 Luna
2221 2833 2275 2883 in
2297 2832 2589 2890 meridiano
2614 2837 2694 2894 est

1665 2900 1896 2956 altiffima
1933 2905 1984 2955 &
2019 2900 2246 2976 proinde
2269 2904 2333 2959 ab
2369 2911 2499 2961 a‘e‘ris
2535 2906 2720 2967 resta--

1666 2973 2088 3063 &ionibuslonge
2114 2982 2316 3051 purior,
2352 2986 2603 3053 reperitur
2621 2990 2694 3052 46

1666 3063 2005 3104 minutorum.

1732 3123 1814 3187 Est
1825 3126 1987 3194 itaque
2001 3121 2493 3196 Geometriaestcbfidio
2505 3167 2518 3190 ,
2531 3135 2685 3197 juxta

1661 3197 1862 3261 nostram
1862 3197 2158 3263 sententiam
2173 3220 2191 3249 :

1730 3268 1968 3397 ΑηὲυΙυε
1981 3270 2118 3325 Solis
2129 3268 2452 3327 Patallaxeos
2471 3313 2485 3334 ,
2509 3283 2586 3330 ἐν·
2601 3297 2623 3329 1
2633 3263 2678 3336 ἓ.

1731 3345 1800 3396 Di
1848 3350 1987 3399 antia
2007 3343 2165 3405 Solis,
2194 3356 2332 3412 2644
2366 3343 2686 3403 semidiame-

1801 3432 1998 3471 trorum
2008 3418 2196 3472 Terrae.

1729 3488 2043 3564 Magnitudo
2070 3490 2207 3545 Solis
2221 3533 2234 3553 ,
2271 3513 2294 3545 1
2308 3511 2402 3557 521
2421 3492 2676 3548 Terreno-

1801 3581 1915 3617 rum
1929 3581 2219 3637 corporum.

1727 3634 2000 3711 Qamdiu
2013 3636 2136 3691 vero
2148 3637 2446 3693 Astronomi
2457 3678 2471 3698 ‚
2492 3644 2547 3692 in
2546 3637 2679 3707 fiilis

1655 3709 1900 3782 Apogaeis
1936 3727 1995 3762 ac
2033 3711 2265 3784 Petigaeis
2301 3710 2492 3765 haerent
2530 3752 2544 3773 ,
2589 3729 2688 3769 nec

1655 3785 1785 3836 aeris
1801 3781 2042 3839 diversam
2059 3782 2379 3838 altitudinem
2407 3782 2680 3855 profundi-

1654 3867 1918 3930 tatemque
1943 3873 2036 3928 pro
2051 3853 2242 3912 diversa
2254 3861 2478 3925 cujusvis
2488 3857 2679 3915 Sideris

1653 3924 1923 3983 altitudine
1939 3926 2256 4002 distinguunt
2269 3928 2349 3984 vel
2363 3927 2430 3984 ad
2441 3949 2674 3986 commu-

1651 4003 1851 4054 niorem
1882 4001 2066 4055 flatum
2103 4000 2379 4065 reducunt3
2415 4003 2675 4074 ejusmodi

1649 4076 1922 4129 inveniunt
1955 4091 2161 4146 magnas
2185 4072 2542 4148 discrepantias
2567 4119 2580 4138 ,
2601 4082 2672 4133 ita

1649 4160 1706 4198 ut
1730 4163 1865 4201 unus
1891 4146 2174 4200 distantiam
2189 4147 2320 4203 Solis
2353 4169 2481 4201 1000
2500 4192 2513 4211 ,
2548 4151 2674 4205 alter

1656 4236 1821 4283 14000
1846 4220 2019 4274 Terrae
2044 4218 2536 4276 semidiametrorum
2555 4239 2673 4295 pro-

1650 4298 1875 4347 nunciet.
1924 4294 2071 4346 Alius
2089 4297 2245 4348 etiam
2273 4293 2446 4348 Solem
2474 4307 2572 4348 166
2598 4298 2671 4349 vi-

2531 4367 2675 4422 cibus
