3068 4718
561 274 661 322 126
1194 235 2151 310 LIBERQUARTUS,

559 383 677 423 rans
691 406 704 425 ‚
728 364 824 414 &c.
886 358 934 410 A
954 354 1106 406 Luna
1132 362 1308 417 autem
1329 345 1587 395 Virtutem
1723 326 1855 404 Quo
1869 323 1984 399 plus
1997 336 2181 397 corpus
2192 311 2404 392 aliquod
2416 307 2566 367 habet
2579 321 2688 363 ma-

561 434 972 494 Gelufacientem
1027 418 1286 499 profluere
1332 416 1482 472 variis
1526 427 1592 462 ex
1655 410 1821 463 terite,
1855 397 1910 457 id
1923 397 1997 453 est
2012 393 2144 470 ‚quo
2154 390 2365 448 solidius
2378 384 2553 447 est,co
2567 378 2687 456 plus

563 510 722 569 causis
735 499 1055 563 credendum
1068 494 1158 550 est.
1659 480 1858 534 virtutis
1868 470 2040 546 potest
2053 471 2296 542 recipere.

639 586 771 639 Sunt
782 577 886 633 stne
901 573 1058 630 dubio
1069 566 1243 624 multae
1255 560 1366 618 aliae
1379 602 1392 622 ‚
1421 562 1470 612 &
1485 573 1598 631 quae
1727 546 2023 626 Qiodlibet
2049 558 2243 615 corpus
2276 552 2450 594 autem
2484 546 2592 586 non
2615 522 2691 580 est

348 633 496 672 mnam
799 653 812 669 x
1022 652 1030 660 ,
1664 630 1673 639 .

322 686 547 725 :lamiarum
604 674 780 732 uoque
794 672 823 707 a
836 650 1062 706 planetis
1076 641 1141 698 ad
1154 639 1288 695 hanc
1309 630 1603 689 Tellurem,
1663 622 1913 680 idoneum
1936 618 2017 676 vel
2042 631 2223 690 aptum
2249 611 2316 666 ad
2337 600 2688 684 recipiendam

314 734 549 841 {zfflsslam
586 732 845 789 ecundum
866 717 1118 780 diversum
1144 728 1326 769 eorum
1348 705 1499 762 situm
1515 701 1601 757 de·
1662 694 1943 774 quamlibet
1954 697 2224 749 virtutem,
2259 683 2516 758 sedprout
2528 684 2693 735 virtus

509 815 518 825 ‘
567 812 934 927 tivantur,puas
945 789 1208 863 Astrologi
1223 784 1496 852 Influentias
1513 794 1600 833 vo·
1664 770 1953 847 qualificata
1973 764 2075 823 est,
2113 755 2366 832 ejusmodi
2417 769 2593 828 uoque
2605 766 2694 803 oc-

570 894 713 938 cant,
746 873 783 929 s1
830 874 986 928 altem
1012 880 1206 921 certam
1232 874 1412 915 earum
1424 853 1603 926 cogni·
1664 860 1815 920 cupat
1827 836 2175 899 habitaculum
2198 833 2373 908 seupo
2415 826 2524 885 idet
2539 839 2700 880 mate-

567 961 771 1010 tionem
782 945 1101 1001 haberemus.
1664 930 1794 974 riam
1808 958 1821 979 ,
1833 915 1951 970 cum
1966 910 2143 989 quoad
2154 901 2575 983 ingrediendum,
2586 911 2702 950 tum

329 1068 499 1120 „numen
643 1027 845 1079 Harum
872 1023 1136 1073 Virtutum
1161 993 1602 1064 natutafimulest,
1667 989 1844 1076 quoad
1869 984 2193 1044 effluendum
2221 1007 2234 1039 ς
2274 984 2485 1037 interim
2522 984 2699 1028 autem

329 1122 467 1170 ustam.
568 1118 720 1176 agere
736 1101 790 1151 in
809 1092 1001 1150 distans
1024 1113 1040 1154 ς
1076 1081 1238 1141 Unde
1264 1083 1494 1135 Virtutes
1510 1069 1606 1126 ho·
1667 1070 1782 1122 sunt
1794 1059 2028 1140 quaedam
2038 1067 2250 1118 virtutes
2261 1061 2614 1125 incorporeae,
2634 1037 2702 1096 ad

569 1188 839 1249 mogeneae
860 1151 1393 1242 appropinquantibus
1425 1163 1607 1276 corpo·
1668 1119 2711 1210 omniacorporaingrediendumidoneae·

570 1249 713 1306 ribus
742 1244 796 1300 se
832 1246 1158 1313 conjungunt
1190 1272 1204 1294 ‚
1234 1224 1485 1299 simulque
1527 1216 1608 1275 ese
1743 1216 1843 1269 Hae
1856 1216 2111 1270 Virtute8‚
2147 1207 2356 1261 excitari
2370 1212 2584 1277 quoque
2636 1186 2714 1244 os·
2738 1200 2954 1248 rmumpae

574 1327 802 1378 invicem
841 1319 1135 1390 percipiunt
1162 1347 1176 1369 ,
1207 1304 1468 1360 sentiunt,
1506 1298 1605 1349 ὅτε.
1643 1286 2191 1364 suntperAttritum,
2213 1274 2584 1333 Collisionem,

2663 1279 2714 1317 a,
2738 1252 2925 1291 auritum

2733 1300 2904 1356 quamdo

570 1393 777 1452 sedfiin
792 1405 979 1463 corpus
1006 1378 1230 1439 inhabile
1253 1374 1344 1430 seu
1356 1373 1609 1445 recipien-
1673 1364 1842 1428 stum,
1881 1357 2244 1417 Vibrationem
2269 1393 2285 1414 ‚
2322 1353 2415 1405 &c-
2458 1351 2572 1417 ejus
2602 1357 2715 1395 cor·
2737 1356 2951 1395 exeita-tur.

578 1470 657 1525 dae
669 1466 755 1522 tali
765 1465 944 1522 virtuti
958 1466 1223 1532 ineptum,
1249 1437 1614 1507 incidant,ter-
1675 1441 1818 1512 poris
1846 1477 1861 1500 ‚
1895 1429 2042 1510 quod
2070 1427 2144 1486 est
2167 1424 2338 1481 habile
2365 1420 2433 1478 ad
2454 1411 2717 1475 edendam

335 1551 554 1640 2222?
578 1547 841 1600 minantur
865 1541 918 1590 in
944 1530 1044 1587 isto
1069 1521 1511 1617 acrefleEtuntur3
1546 1520 1618 1570 ita
1677 1511 1760 1570 vel
1772 1503 2122 1584 recipiendam
2135 1501 2269 1558 hanc
2289 1498 2373 1558 vel
2393 1494 2534 1551 illam
2555 1497 2717 1546 virtu-

615 1613 777 1672 uanto
798 1628 880 1667 res
904 1606 1242 1680 laevigatiores
1265 1614 1324 1652 ac
1349 1590 1622 1668 pohtiores
1679 1603 1820 1649 tem3
1858 1601 1979 1639 nam
1998 1623 2010 1643 ‚
2050 1582 2171 1655 quia
2182 1574 2299 1631 talis
2310 1577 2473 1631 virtus
2492 1571 2717 1621 intraor-

327 1647 558 1744 fflnaahas
603 1706 725 1751 unt,
763 1683 912 1741 tanto
937 1681 1111 1756 plures
1138 1693 1198 1731 ac
1220 1671 1466 1726 fortiores
1488 1664 1622 1720 fiunt
1681 1657 1803 1715 bem
1820 1654 2070 1714 virtutis‘l
2088 1640 2540 1717 ellurishujusest‚
2573 1634 2717 1693 ideo-

581 1757 987 1838 repercuffiones
1003 1796 1017 1817 ‚
1055 1751 1226 1807 donec
1239 1752 1427 1802 virtute
1444 1738 1626 1794 debili·
1685 1749 1790 1809 que
1806 1734 2017 1785 excitari
2018 1721 2205 1856 potest
2214 1739 2306 1797 per
2317 1717 2513 1775 tastum
2533 1726 2721 1787 corpo-

1348 1822 1357 1831 “
1718 1813 1728 1822 ’
1876 1808 1886 1818 “
1913 1809 1923 1817 “
1966 1843 1980 1865 ,
2039 1814 2144 1855 icut
2155 1799 2516 1872 experimenta
2527 1784 2724 1842 docent

1359 2087 1727 2141 CAPUT
1803 2077 1879 2128 ΙΙ.

879 2267 966 2328 (De
989 2258 1193 2323 Virtute
1224 2247 1504 2328 Incorporea
1533 2236 1748 2301 Telluris
1765 2278 1784 2312 ,
1825 2250 1931 2318 quae
1954 2222 2134 2287 dzcitur
2155 2213 2444 2304 Impulstva.

355 2494 551 2531 nrtmtm-
1622 2497 1635 2518 ,
1695 2471 1725 2507 a
1748 2465 1909 2506 manu
1956 2442 2285 2519 projicientis
2331 2438 2491 2492 virtus
2539 2426 2739 2502 aliqua,

353 2541 505 2594 ‘'⁹³⁴⁹“
811 2558 862 2607 ὅτ
883 2544 1112 2626 proinde
1151 2543 1359 2598 excitari
1383 2531 1557 2611 potest
1582 2537 1638 2586 in
1696 2541 1853 2601 quam
1868 2515 2109 2574 hocloco
2121 2515 2197 2567 lm
2237 2505 2451 2565 ulfivam
2465 2517 2740 2563 vocamus.

637 2628 836 2688 uolibet
848 2639 1073 2697 corpore
1086 2610 1450 2675 indiffolubili,
1487 2605 1642 2662 firmo
1674 2605 1770 2654 ¹im
1810 2599 2040 2655 rimitur,
2064 2604 2180 2663 quae
2215 2603 2243 2639 a
2283 2580 2429 2639 idem
2441 2576 2742 2634 sursumim-

599 2654 686 2764 sen
701 2703 831 2760 duro
850 2741 865 2764 ‚
902 2713 989 2754 aut
1001 2714 1092 2771 per
1107 2689 1393 2750 violentum
1406 2684 1643 2738 Lationis
1702 2690 1773 2748 pe
1810 2678 1881 2732 it,
1916 2664 2078 2739 usque
2103 2659 2231 2716 dum
2294 2675 2366 2712 aec
2385 2659 2546 2712 virtus
2558 2666 2744 2705 evane-

600 2795 807 2837 motum
833 2818 846 2837 ‚
884 2788 944 2828 ut
972 2774 1024 2824 δε
1058 2761 1479 2825 circumlationis
1508 2779 1521 2809 :
1559 2767 1647 2808 aut
1697 2746 1822 2803 scit:
1864 2732 2284 2863 deindequidem
2313 2748 2406 2806 per
2419 2729 2571 2783 aliam
2584 2728 2746 2779 virtu·

600 2874 693 2932 per
728 2848 1087 2907 Vibtationem
1113 2883 1128 2905 ,
1163 2853 1253 2894 aut
1283 2834 1483 2908 jactum
1512 2871 1526 2891 ‚
1566 2825 1648 2884 vel
1707 2836 1817 2877 tem
1841 2817 2034 2874 scilicet
2124 2806 2497 2862 onservativam
2531 2795 2625 2868 (de
2643 2792 2748 2870 qua

603 2948 695 3006 per
718 2924 1086 2983 vehementem
1123 2911 1340 2970 ductum
1386 2905 1526 2978 (hoc
1548 2899 1648 2961 est,
1707 2896 1757 2951 se
1798 2913 1875 2947 .ca
1913 2930 1923 2942 .
1944 2886 2014 2956 5.)
2037 2871 2751 2957 lap1sag1turdeorsum3quo

609 2997 824 3079 quando
837 3007 1025 3067 corpus
1040 2984 1249 3063 aliquod
1269 2976 1652 3046 ‚autviolenter
1711 2986 1770 3023 ca
1790 2971 1862 3020 ui
1900 2981 1956 3023 e,
1994 2976 2088 3033 per
2112 2953 2548 3009 accelerationem
2571 2929 2754 2999 motus

608 3079 879 3154 projicitur
908 3068 995 3124 seu
1021 3069 1075 3119 in
1100 3059 1335 3120 volatum
1359 3053 1536 3112 datur,
1572 3045 1656 3106 vel
1712 3041 1951 3097 Lationis
1966 3075 1979 3095 ‚
2013 3029 2163 3086 simul
2187 3026 2255 3083 de
2278 3041 2425 3081 novo
2445 3021 2582 3075 banc
2596 3020 2758 3073 virtu-

613 3164 826 3223 quoque
865 3140 1200 3199 vehementer
1223 3138 1660 3204 circumgyratur‚
1714 3133 1822 3172 tem
1856 3102 2191 3184 Impulfivam
2224 3103 2470 3175 acquirit,
2506 3107 2628 3149 eum
2653 3106 2760 3143 ma-

618 3223 834 3277 trabitur
858 3260 871 3279 ,
912 3208 1222 3286 impellitur,
1260 3203 1394 3273 &c.)
1433 3218 1559 3257 tunc
1589 3194 1658 3251 illi
1718 3193 1794 3265 gis
1808 3181 2067 3258 magisque
2078 3175 2145 3232 ad
2168 3165 2757 3243 terramimpellentemt

381 2437 491 2492 Qua
506 2436 549 2484 fis
598 2416 786 2589 V
800 2408 936 2461 Irtus
971 2395 1222 2475 Impulfiva
1245 2388 1336 2481 ‘est
1353 2393 1517 2444 virtus
1540 2369 1628 2438 I'n-
1659 2381 1849 2501 {gratia
1862 2414 1876 2436 ,
1896 2366 2086 2444 Lapidi
2101 2405 2116 2427 ,
2137 2362 2427 2439 quisutsum
2439 2359 2731 2432 proJicitur,

621 3295 934 3368 imprimitur
948 3286 1063 3341 talis
1074 3289 1234 3340 virtus
1247 3275 1525 3333 Mundana
1540 3313 1552 3333 ‚
1566 3287 1659 3344 per
1720 3267 1773 3318 &
1783 3276 1920 3335 quan

662 3384 781 3423 uam
801 3380 882 3419 res
909 3358 1070 3414 fertur
1103 3374 1195 3430 per
1223 3362 1383 3407 inane
1421 3349 1660 3423 Spatium
1723 3340 1774 3391 &
1823 3326 2134 3389 uidemsatis
2157 3328 2327 3395 majus
2339 3317 2506 3380 cadit,
2540 3328 2668 3369 tunc
2687 3326 2763 3365 re·

651 3440 753 3498 five
769 3482 782 3502 ‚
815 3444 869 3491 in
894 3433 990 3488 hac
1012 3436 1160 3486 actea
1178 3432 1390 3499 regione
1413 3464 1427 3484 ,
1465 3437 1558 3494 per
1579 3420 1660 3471 a'e'-

630 3515 766 3584 rem)
790 3509 855 3566 de
891 3507 1010 3563 loco
1035 3501 1100 3559 ad
1135 3500 1336 3561 locum3
1374 3499 1427 3549 &
1462 3489 1663 3569 quanto
1721 3499 1860 3544 tem,
1900 3494 1957 3535 ut
1972 3491 2164 3548 nempe
2176 3470 2308 3545 lapis
2320 3463 2555 3524 resultet,
2588 3459 2761 3532 &qui-

629 3592 792 3662 magis
817 3580 1122 3656 impellitur,
1157 3570 1304 3629 tanto
1327 3571 1543 3638 majoris
1566 3569 1665 3622 vir·
1725 3555 1880 3617 dem,
1915 3568 2026 3608 non
2045 3547 2306 3607 unavice,
2340 3537 2430 3597 sed
2457 3533 2766 3594 multisvici-

629 3669 753 3717 tutis
769 3653 1093 3734 proindeque
1105 3646 1385 3706 velocitatis
1399 3639 1460 3696 fit
1474 3655 1659 3713 capax,
1727 3629 1853 3690 bus,
1888 3620 2291 3683 utividemusin
2311 3611 2768 3691 globulismatmo-

631 3732 840 3790 &tanto
866 3729 1075 3802 longior
1100 3722 1247 3779 durat
1269 3718 1425 3777 latio,
1463 3708 1668 3788 paribus
1728 3708 1828 3760 reis
1855 3742 1869 3763 ,
1905 3694 2097 3775 quibus
2161 3697 2274 3749 ueri
2292 3686 2480 3746 ludunt
2502 3724 2517 3745 ‚
2590 3674 2771 3736 uando

631 3824 810 3864 tamen
828 3807 1039 3858 caeteris.
1728 3772 1986 3849 ejusmodi
2033 3714 2302 3844 globulum
2348 3757 2528 3816 cadere
2585 3766 2773 3816 inunt,

389 3902 583 3941 rmusim-
710 3886 885 3936 Virtus
898 3869 1173 3956 Impulsiva
1187 3885 1273 3923 cor
1316 3865 1395 3917 ori
1420 3851 1670 3933 impressa,
1731 3871 1814 3906 ex.
1838 3868 1920 3925 gr.
1945 3853 2003 3907 in
2026 3842 2255 3899 tabulam
2281 3847 2658 3892 marmoream,
2691 3843 2770 3881 re-

386 3952 612 4042 ξζφῖζξζπ
636 3952 857 4012 cessante
880 3953 1024 4005 caula
1050 3988 1063 4008 ,
1100 3882 1383 4001 evaneldin
1418 3931 1674 4006 ideoque,
1733 3922 1884 3980 sultat
1896 3916 2138 3996 globulus
2152 3931 2260 3970 non
2272 3903 2524 3965 semelsed
2536 3901 2771 3958 decies&

394 4028 612 4104 ninimpeefu
638 4024 835 4085 etiamst
863 4043 957 4079 nec
984 4026 1070 4076 act
1094 4037 1190 4073 nec
1216 4007 1354 4069 aliud
1384 4004 1676 4081 impediens
1734 3997 1897 4053 ultra:
1936 3991 2096 4068 idque
2124 3987 2227 4048 est,
2260 3978 2405 4057 quod
2428 3981 2585 4054 priori
2606 3979 2774 4049 capite

393 4108 617 4146 meemmr.
638 4103 697 4159 sit
712 4144 725 4166 ,
761 4117 872 4156 non
895 4096 1100 4167 semper
1124 4098 1390 4165 permanet
1413 4122 1429 4144 ‚
1476 4076 1563 4134 sed
1586 4093 1678 4151 per
1737 4070 1995 4127 diximus:
2038 4076 2222 4119 omnes
2237 4055 2330 4111 has
2351 4059 2571 4112 virtutes
2582 4047 2772 4105 habere

639 4191 846 4247 tempus
860 4170 1022 4229 durat,
1036 4165 1207 4220 donec
1219 4155 1462 4235 paulatim
1478 4152 1568 4208 illa
1579 4155 1678 4206 vir·
1734 4159 1970 4201 naturam
1985 4127 2328 4194 Refleckndi.

642 4264 724 4303 tus
746 4237 978 4318 impressa
1001 4283 1013 4303 ,
1049 4235 1299 4311 exspiret,
1337 4228 1423 4285 seu
1448 4231 1679 4299 impetus
1813 4219 2051 4272 Durante
2103 4206 2247 4263 causa
2291 4197 2589 4276 impulsiva,
2623 4194 2775 4249 durat

643 4323 729 4379 ille
753 4331 1066 4390 conceptus,
1101 4304 1416 4383 languescat,
1451 4297 1681 4372 Exempli
1739 4308 1955 4367 quoque
1977 4276 2369 4346 eflectuswnde
2384 4269 2777 4353 quodlibetcor-

2681 4355 2781 4415 pus

1926 3253 1995 3310 do
2006 3254 2157 3326 super
2178 3245 2343 3304 simile
2358 3257 2548 3316 corpus
2570 3237 2759 3293 durum
2807 3249 2956 3291 maen

2781 3313 2969 3395 ῒΜΙΜΠ·

1722 3407 1792 3464 fle
1845 3411 1887 3461 it
1907 3403 2020 3458 haec
2049 3404 2214 3456 virtus
2240 3401 2295 3450 in
2317 3392 2627 3448 contrariam
2648 3401 2761 3458 par-
2782 3351 2970 3446 hw
