3068 4718
911 251 1026 305 De
1082 252 1640 306 SYsTssMATr.
1695 254 2040 307 Μυκοῐ.

404 361 548 416 pano
579 343 768 399 bellico
796 384 811 407 ,
845 350 1101 419 Leucippus
1130 367 1143 398 ε
1180 342 1443 399 Conoseu
1498 360 1705 399 manam
1721 340 2243 413 essecontenderunt3
2278 351 2370 403 Uti
2395 356 2534 405 enim

413 418 454 470 s
455 416 623 472 urbini
653 459 666 478 ,
702 417 983 471 Cleanthes.-
1018 416 1272 491 Scaphio,
1293 425 1448 471 Hera·
1495 413 1685 473 domus
1706 415 1802 472 abs
1827 438 1894 474 ue
1930 418 2276 477 fundamento
2317 426 2368 477 &
2391 423 2531 477 tedio

399 489 746 544 clitus:Disco
758 507 915 551 cavo,
933 495 1265 544 Democritus.-
1285 489 1444 545 Men·
1490 503 1599 545 non
1619 489 1788 563 poffet
1818 490 2081 553 ubfistere‚
2120 498 2193 548 ita
2206 497 2424 550 Terram
2439 514 2531 549 ne·

396 560 463 618 fic
495 561 662 636 planae
700 570 1023 617 Anaximenes
1050 566 1101 616 &
1123 559 1442 636 Empedocles,
1489 558 1700 617 celsario
1735 562 1886 638 super
1921 570 2145 619 immoto
2182 566 2530 622 fundamento

400 640 497 690 &c.
538 634 750 690 Deinde
773 634 840 691 ad
862 654 971 692 rem
986 633 1201 710 propius
1226 631 1441 690 accesse·
1488 632 1650 697 state,
1700 635 2012 712 Coelumque
2053 654 2298 713 tanquam
2333 641 2528 695 tedium

397 704 527 763 runt‘
556 706 872 763 Parmenides
911 713 962 762 &
995 712 1267 782 Epicurus:
1305 711 1438 762 Item
1484 703 1676 763 habere
1721 724 2062 782 putaverunt.
2125 715 2284 779 Johan
2328 711 2526 786 Ludwig

393 783 673 836 Heraclitus
687 787 905 836 Ponticus
921 797 978 834 ac
992 783 1264 854 Ecphantus
1277 822 1291 843 ,
1310 798 1436 855 quo·
1495 783 1750 854 Gottftied
1779 788 1832 837 in
1868 782 2080 850 Historia
2116 782 2413 860 Antipodum
2462 788 2522 847 ξς

395 873 513 910 rum
552 853 625 910 illi
663 855 880 909 Terram
917 852 1037 926 pilae
1071 851 1229 908 instat
1255 868 1437 909 rotun·
1483 858 1696 908 Americ.

397 929 518 983 dam
542 926 643 983 effe
668 924 954 983 sentiebant
976 950 991 990 ς
1031 928 1107 980 Hi
1132 944 1243 981 non
1268 926 1435 982 solum

395 1001 539 1077 globi
562 999 775 1074 figuram
797 1000 975 1054 Terrae
1001 1039 1015 1061 ,
1049 998 1139 1054 sed
1161 1003 1213 1053 &
1233 1014 1437 1055 motum

395 1078 622 1149 aliquem
659 1070 951 1127 tribuebant
982 1096 996 1135 ς
1044 1088 1097 1127 at
1133 1090 1242 1128 non
1279 1071 1438 1128 talem

396 1166 504 1222 quo
520 1144 762 1221 progredi
783 1148 836 1199 &
856 1143 1035 1200 locum
1058 1160 1257 1203 mutare
1272 1145 1442 1222 poffit,

395 1218 578 1277 verum
602 1216 741 1291 quafi
764 1223 819 1272 in
851 1216 1072 1274 modum
1097 1233 1237 1273 rotae.
1279 1218 1439 1275 Unde

395 1295 536 1347 Plato
549 1297 706 1347 etiam
728 1289 855 1347 dum
884 1296 1096 1362 juvenis
1116 1290 1270 1355 effet,
1307 1294 1439 1348 Ter·

390 1384 505 1423 ram
528 1371 582 1422 in
603 1380 786 1421 centro
810 1363 1006 1420 Mundi
1022 1364 1330 1422 existentem
1342 1365 1439 1422 sta-

394 1445 526 1502 tuit,
558 1444 694 1496 circa
729 1443 999 1516 proprium
1037 1458 1191 1497 axem
1217 1483 1232 1506 ,
1265 1440 1434 1515 spatio

394 1533 464 1580 24
475 1515 720 1571 horarum
733 1522 788 1570 in
815 1530 992 1571 ortum
1007 1516 1176 1580 volvi,
1215 1519 1267 1570 &
1290 1519 1434 1571 exin-

389 1586 458 1643 de
479 1585 591 1642 fieri
611 1629 626 1652 ,
659 1603 719 1643 ut
741 1586 1142 1665 Solcaeteraque
1164 1585 1330 1647 fidera
1356 1594 1430 1649 vi-

386 1659 609 1717 deantur
621 1659 814 1719 eodem
824 1659 990 1736 spatio
1009 1663 1265 1737 temporis
1292 1663 1434 1722 volvi

376 1738 443 1790 in
466 1734 722 1790 occasum.
782 1746 822 1790 Ρ
852 1737 1071 1809 thagoras
1095 1751 1273 1791 tamen
1299 1742 1434 1807 ejus-

389 1826 495 1885 que
511 1806 633 1863 disci
675 1805 776 1870 uli,
867 1825 1119 1864 erraenon
1140 1807 1309 1865 solum
1322 1827 1432 1865 mo·

387 1899 506 1938 tum
543 1885 611 1952 ²4
685 1898 895 1936 orarum
931 1885 986 1934 in
1028 1879 1249 1936 modum
1283 1898 1426 1944 rotae,

390 1954 449 2012 id
478 1956 585 2017 est,
619 1961 752 2011 circa
776 1971 876 2026 pro
916 1958 1048 2008 tium
1065 1970 1218 2010 axem
1239 1953 1430 2010 tribue-

391 2043 548 2091 runt,
605 2026 696 2082 sed
738 2030 791 2080 δε
898 2044 984 2081 cm
1033 2045 1141 2102 quo
1180 2025 1430 2103 progredi

385 2119 448 2156 ac
480 2118 575 2175 per
610 2116 811 2156 annum
849 2104 984 2155 circa
998 2100 1177 2156 Solem
1198 2143 1215 2165 ,
1250 2101 1429 2157 locum

383 2172 532 2231 suum
545 2187 748 2229 mutare
773 2169 945 2247 poffit.
985 2176 1131 2230 Hinc
1147 2173 1430 2238 Philolaus,

384 2252 586 2306 Text-cm
622 2266 766 2301 unum
801 2265 869 2302 ex
889 2243 1036 2312 Astris
1069 2248 1159 2319 effe
1181 2289 1196 2311 ,
1228 2244 1429 2305 sensisse

383 2319 565 2378 fertur.
617 2319 825 2376 Contra
844 2360 860 2384 ,
900 2321 1203 2387 Aristoteles,
1247 2321 1429 2397 &post

384 2413 510 2452 eum
525 2395 810 2448 Ptolomaeus
823 2434 838 2455 ‚
851 2390 1050 2447 etiamst
1068 2394 1309 2449 Terreno
1319 2394 1430 2470 glo-

380 2468 455 2525 bo
488 2464 793 2540 sphaericam
839 2464 1056 2538 figuram
1096 2465 1435 2530 attribuerint,

385 2547 441 2596 &
474 2541 578 2594 hoc
622 2536 840 2613 quidem
875 2533 1103 2591 maxime
1126 2536 1199 2592 ob
1219 2536 1431 2597 eviden-

386 2630 497 2669 tem
511 2609 750 2668 umbram
763 2608 943 2664 Terrae
952 2609 1431 2688 circularem,quam

387 2693 446 2743 in
483 2680 768 2759 Eclipfibus
802 2681 1095 2739 Lunaribus
1129 2688 1185 2739 in
1224 2687 1430 2742 Lunam

387 2763 597 2837 projicit
633 2760 687 2812 &
710 2755 1039 2831 repraesentat
1059 2797 1074 2818 ,
1113 2772 1322 2813 motum
1359 2775 1432 2814 ta-

388 2851 513 2891 men
526 2830 721 2889 illinon
742 2825 1128 2894 conceflerunt3
1165 2831 1305 2907 Qae
1326 2830 1434 2888 scn-

389 2911 555 2964 tentia
602 2908 761 2960 etiam
797 2907 854 2958 in
902 2901 1043 2958 hunc
1079 2902 1243 2980 usque
1291 2903 1433 2961 diem

390 2983 727 3038 communior
772 2973 1068 3051 permansit.
1137 2978 1435 3054 Antipodes

391 3070 569 3112 autem
604 3048 750 3127 quod
787 3053 975 3104 attinet
994 3090 1007 3109 .
1047 3051 1238 3128 eosque
1273 3057 1327 3107 in
1354 3071 1433 3108 re·

391 3147 511 3187 rum
551 3141 735 3181 natura
752 3121 863 3179 dari
887 3162 904 3186 ,
937 3124 1139 3198 Patres-2
1177 3127 1430 3202 chtyfistw

390 3221 496 3257 mus
522 3240 537 3261 ,
561 3203 875 3269 Hieronymus
894 3234 909 3255 ,
939 3200 1219 3271 Augustinus
1241 3239 1256 3262 ,
1281 3202 1430 3256 Theo-

2515 296 2548 345 3,

1574 923 1812 1004 Ideoque
1869 927 2202 1003 Antipodum
2250 927 2519 985 assertores

1492 1017 1815 1057 vocaverunt
1849 1001 2065 1059 stolidos
2102 1008 2153 1057 &
2179 1021 2316 1060 vano
2342 1020 2518 1058 errore

1492 1145 2003 1214 condemnaverunt;
2028 1155 2104 1205 uti
2119 1148 2417 1225 exemplum
2436 1150 2523 1203 ha-

1494 1219 1680 1279 bemus
1717 1228 1771 1278 in
1808 1223 2029 1297 Virgilio
2065 1223 2320 1298 Episcopo
2373 1223 2525 1279 Salis-

1490 1291 1729 1369 burgenst
1751 1338 1765 1358 ,
1803 1302 1893 1372 qui
1937 1301 2069 1352 circa
2106 1314 2300 1353 annum
2339 1296 2531 1352 Christi

1492 1386 1610 1431 745.
1641 1368 1672 1422 a
1693 1368 1965 1425 Bonifacio
1975 1368 2384 1446 Archiepiscopo
2403 1374 2530 1425 Mo-

1524 1446 1712 1498 untino
1738 1443 1882 1501 velut
1905 1442 2177 1498 haeteticus
2202 1443 2526 1499 insimulatus

1487 1457 1611 1578 fuit.
1646 1536 1759 1573 non
1793 1516 1894 1574 alia
1929 1516 1998 1572 de
2035 1516 2182 1572 causa
2216 1559 2231 1588 ‚
2256 1516 2349 1572 nisi
2375 1515 2522 1592 quod

1486 1591 1866 1665 VirgiliusAnti
1909 1588 2324 1655 odesssatueret;
2360 1595 2431 1645 ita
2461 1605 2520 1646 ut

1486 1664 1702 1719 tandem
1739 1684 1796 1719 re
1819 1682 1848 1719 a
1922 1662 2284 1719 Bohemorum
2313 1664 2518 1738 Regem

1488 1733 1658 1792 delata
1683 1776 1698 1798 ,
1734 1737 1963 1812 indeque
1997 1735 2064 1791 ad
2089 1736 2401 1791 Pontificem
2417 1740 2516 1793 Za—

1484 1806 1710 1866 chariam
1739 1808 1960 1865 deduehi
1980 1809 2333 1882 appellatione
2355 1852 2367 1872 ,
2404 1815 2518 1865 Vir-

1515 1882 1634 1937 ilius
1652 1897 1866 1955 propter
1891 1880 2191 1953 Antipodes
2227 1883 2370 1950 (cum
2395 1882 2517 1937 hinc

1503 1952 1636 2008 unul
1657 1969 1840 2008 contra
1861 1954 2177 2026 Scripturam
2206 1954 2393 2009 sacram
2431 1955 2517 2009 ab-

1482 2022 1648 2082 surdae
1669 2029 1722 2081 &
1741 2031 1933 2101 ineptae
1953 2026 2334 2101 consequentiae
2359 2028 2517 2083 dedu·

1484 2100 1748 2171 cerentur)
1794 2100 2045 2156 haereseos
2092 2100 2364 2156 damnatus
2401 2099 2516 2156 fuit.

1483 2179 1766 2231 Aventinus
1789 2172 1877 2228 lib.
1923 2197 1964 2243 3.
1990 2170 2154 2245 histor.
2187 2183 2362 2229 Bavar.
2399 2184 2517 2230 Bar·

1482 2244 1596 2303 thol.
1618 2247 1855 2303 Keckerm.
1879 2257 2134 2302 comment.
2149 2257 2297 2319 Naut.

1553 2325 1634 2376 Ex
1670 2320 1859 2395 quibus
1896 2326 1949 2376 &
1983 2321 2095 2376 aliis
2133 2320 2252 2378 satis
2288 2321 2521 2386 constat,

1482 2412 1641 2468 quam
1660 2411 1844 2468 patum
1865 2399 2145 2470 antiquitas
2175 2436 2188 2457 ,
2228 2399 2280 2449 δε
2303 2401 2519 2471 quicun-

1482 2485 1585 2540 que
1597 2469 1866 2536 Majorum
1879 2483 2122 2542 tempore
2145 2474 2293 2524 annis
2317 2474 2519 2525 circiter

1482 2536 1563 2595 bis
1582 2539 1726 2592 mille
1752 2544 1805 2593 &
1827 2541 2026 2614 aliquot
2050 2556 2260 2596 centum
2273 2559 2394 2597 ante
2417 2558 2520 2597 nos

1486 2615 1759 2674 vixerunt,
1792 2609 1859 2666 de
1879 2630 2005 2667 vero
2029 2613 2322 2685 Systemate
2353 2618 2517 2670 Mun-

1489 2681 1543 2757 di
1569 2723 1585 2745 ‚
1621 2681 1946 2740 certitudinis
1981 2704 2041 2740 ac
2077 2685 2300 2741 scientiae
2325 2685 2519 2742 habue-

1486 2760 1629 2821 rint;
1665 2760 1743 2812 Ita
1755 2771 1814 2811 ut
1833 2757 2081 2813 credibile
2102 2755 2191 2820 fit,
2228 2774 2439 2816 caeteros
2464 2767 2519 2816 in

1485 2834 1655 2904 prima
1674 2844 1825 2885 aetate
1848 2873 1865 2895 ,
1899 2829 2029 2886 nihil
2049 2830 2207 2906 quam
2236 2830 2521 2907 fimplicem

1486 2905 1601 2958 solis
1639 2922 1700 2959 ac
1726 2913 1868 2959 Lunae
1905 2908 1958 2958 &
1995 2903 2254 2960 stellarum
2291 2913 2524 2963 fixarum

1487 2977 1687 3033 cursum
1702 3017 1717 3040 ,
1751 2995 1908 3052 quem
1921 2975 2322 3035 ordinarieintra
2336 3000 2402 3048 24
2426 2979 2523 3037 ho-

1484 3069 1567 3107 ras
1601 3049 1874 3107 absolvunt
1896 3092 1909 3111 ,
1960 3049 2297 3122 observaviss'e
2323 3095 2336 3116 ,
2375 3055 2521 3117 inde-

1483 3128 1588 3199 que
1610 3141 1780 3180 annos
1803 3123 2066 3182 &menses
2088 3129 2395 3199 generaliter
2431 3127 2521 3183 sal-

1483 3212 1593 3252 tem
1604 3192 1802 3253 notalse
1813 3237 1828 3259 ,
1870 3196 1937 3252 de
1949 3198 2100 3253 stellis
2122 3201 2419 3257 Eri-antibus
2430 3220 2519 3257 au-

390 3274 588 3329 doretus
616 3312 632 3333 ,
676 3267 1027 3343 Theophilac‘lus
1061 3312 1075 3333 ,
1128 3274 1430 3329 Lae‘lantius:
1481 3284 1590 3325 tem
1611 3271 1834 3325 Saturno
1860 3311 1876 3334 ,
1898 3273 2033 3336 Jove
2059 3312 2074 3333 ,
2097 3273 2270 3327 Marte
2287 3314 2300 3336 ,
2343 3278 2517 3330 Vene-

389 3353 520 3405 item
554 3339 688 3399 Beda
714 3341 799 3397 alii
835 3358 904 3395 ue
928 3344 1222 3418 complures
1242 3344 1428 3404 nolae..

389 3435 515 3479 runt
546 3413 790 3476 credere,
842 3411 912 3468 ed
948 3431 1053 3471 tam
1091 3435 1272 3477 contra
1294 3420 1428 3477 Scri·

1483 3347 1602 3399 re&
1624 3346 1920 3406 Mercurio,
1957 3344 2333 3421 consequenter
2353 3347 2420 3401 de
2434 3364 2516 3403 to·

1482 3423 1587 3474 tius
1621 3414 1817 3474 Mundi
1836 3416 1870 3472 s
1898 3416 2142 3483 stemate,
2176 3419 2304 3478 nihil
2316 3436 2406 3478 aut
2422 3438 2513 3496 pa-

389 3511 597 3573 ptutam
619 3490 855 3551 Sacram.
892 3506 1048 3563 quam
1059 3499 1315 3552 rationem
1327 3493 1425 3553 hu·
1478 3496 1832 3569 rumcognov‘
1877 3509 1921 3547 e.

1951 4015 2069 4067 Aa

2551 929 2763 979 antipodum

2544 979 2715 1027 affertons

2540 1039 2580 1065 ue
2606 1029 2737 1066 hereti-

1492 1069 1697 1129 delusos
1719 1073 1963 1131 homines
1986 1100 2001 1140 ;
2024 1080 2133 1131 imo
2157 1092 2215 1131 ut
2228 1079 2520 1131 Haereticos
2540 1086 2759 1169 :33:32⁷ss
