3068 4718
524 216 619 251 120

1194 196 1524 252 Lrnen
1597 194 2122 260 TER-rtur),

291 306 446 368 Qpna
456 306 513 346 ob-
528 310 634 346 rum
647 289 715 364 fit
719 294 1020 368 perforatum
1047 293 1106 352 ξς
1133 291 1294 346 multis
1315 290 1570 367 foramini·
1624 287 1737 346 inde
1761 287 1973 363 srigidae
2006 309 2139 363 aquae
2174 294 2431 367 immergas
2453 330 2468 352 ,
2506 305 2565 346 ut
2583 292 2672 344 aer

286 358 423 411 '‘²³¹⁰“
441 371 511 398 Μ·
537 364 625 421 bus
657 371 911 439 pervium,
952 364 1065 418 dum
1086 367 1210 490 agua
1228 365 1377 438 plena
1413 382 1568 438 aequa-
1616 366 1801 440 phialae
1836 363 1865 416 ἃ
1886 363 2100 418 violenta
2125 366 2434 441 rarefac‘Iione
2456 366 2517 433 se
2539 366 2669 419 coffi-

282 408 334 459 fis
345 410 394 448 ad
402 412 488 449 irri-

286 462 417 511 ganatos
428 461 504 499 hor.
538 440 656 493 liter
692 439 947 493 elevantur
979 443 1030 490 in
1068 437 1107 488 li
1140 457 1219 490 ero
1267 443 1379 492 ae're
1400 479 1413 498 ,
1450 456 1569 510 aqua
1628 457 1745 511 gens
1768 434 2079 514 condensetur
2103 477 2118 500 ,
2144 439 2203 500 ξς
2227 445 2456 493 minorem
2480 451 2667 511 occupet

295 521 359 549 ἰοί.

538 532 629 566 non
644 509 838 577 defluit,
877 506 1098 582 quamdiu
1126 507 1313 585 digitus
1330 514 1568 578 foramini
1623 512 1772 565 locum
1783 535 1802 572 ;
1816 519 1954 564 Intus
1968 513 2366 584 attrahituraqua
2383 553 2396 573 ,
2409 510 2522 565 dum
2535 513 2665 564 alius

537 586 728 639 illorum
729 585 938 659 staperne
965 589 1015 636 in
1029 582 1145 637 collo
1160 589 1352 655 patenti
1378 581 1571 658 adpres-
1622 587 1706 638 αέν
1714 590 1766 638 in
1776 585 1925 638 locum
1939 582 2301 656 relinquendum
2299 586 2557 653 ficccedere
2568 604 2660 637 non

526 658 616 727 fics
631 678 723 712 non
731 661 979 732 permittit
1006 659 1258 730 ingrestum
1281 662 1386 710 ae‘ri
1418 654 1491 710 ad
1498 674 1568 710 re·
1612 659 1770 730 potest
1785 699 1799 721 ,
1816 675 1876 711 ne
1890 657 2077 724 scilicet
2091 655 2237 711 detur
2246 678 2448 713 vacuum
2460 663 2512 711 in
2515 660 2661 738 phia-

527 729 758 805 plendum
773 732 921 784 locum
938 771 950 791 ‚
971 735 1079 801 qui,
1100 728 1151 797 st
1183 727 1416 795 deflueret
1437 749 1572 803 aqua,
1625 730 1687 782 la.
1727 737 1804 785 Sic
1803 730 1855 801 fi
1869 749 1935 786 ex
1942 729 2109 798 fistula
2121 736 2253 797 cujus
2264 751 2406 786 unum
2420 736 2658 799 orificium

537 806 890 877 relinqueretur
899 803 1111 878 spatium
1133 807 1264 857 inter
1272 808 1570 878 superiorem
1621 803 1844 872 occluficm
1857 805 2065 858 alterum
2077 818 2291 879 apertum
2309 846 2322 866 ,
2340 817 2425 858 aut
2444 823 2510 859 ex
2520 804 2661 859 clave

539 875 660 947 vafis
671 875 972 951 superficiem
988 877 1047 937 ἃς
1073 874 1360 944 defluentem
1382 897 1568 950 aquam.
1611 878 1839 952 foemineli
1854 876 1970 931 bene
1981 878 2211 952 compaila
2232 878 2438 953 exsugas
2451 878 2661 951 fortiter

534 958 603 1003 Et
624 956 675 1003 in
699 952 792 1003 tali
817 948 1102 1019 confistentia
1116 964 1430 1025 permanente
1450 971 1571 1023 aqua
1625 951 1967 1010 &continuato
1988 953 2143 1006 traHu
2166 952 2323 1005 aerem
2339 993 2351 1013 ,
2377 952 2436 1013 ξς
2463 951 2660 1021 eeffirnte

532 1029 667 1077 intra
688 1043 777 1078 vas
793 1063 809 1085 ,
837 1037 1024 1078 tantum
1055 1039 1239 1099 gravat
1263 1025 1322 1085 ξς·
1346 1022 1566 1093 deorsum
1609 1023 1821 1091 stellione
1819 1025 1990 1089 statim
2002 1040 2204 1100 apponas
2200 1025 2381 1095 fistulae
2391 1024 2659 1098 orificiopa·

530 1102 712 1151 nititur
733 1117 879 1170 aqua,
915 1112 1140 1170 quantum
1148 1096 1201 1168 fi
1196 1094 1351 1171 fundo
1373 1103 1565 1172 integro
1617 1102 1744 1153 tenti
1768 1095 1977 1172 digitum
2001 1114 2085 1153 aut
2107 1097 2299 1153 labrum
2323 1139 2336 1159 ,
2360 1117 2418 1152 ne
2428 1094 2658 1167 succedat

533 1172 593 1232 ἐς·
615 1172 731 1224 collo
764 1185 927 1246 aperto
940 1170 1089 1245 fimul
1107 1191 1209 1226 cum
1234 1172 1346 1240 vase
1355 1172 1562 1240 fiestine-
1580 1217 1586 1222 Δ.
1616 1168 1831 1224 ambiens
1854 1172 1965 1231 ae'r,
1990 1173 2260 1226 attrahitur
2278 1177 2415 1226 intra
2422 1170 2657 1240 fistulam,

528 1257 683 1297 retur.
723 1253 916 1299 Remoto
929 1245 1046 1299 verb
1072 1242 1228 1318 digito
1257 1247 1316 1307 ξς
1334 1245 1562 1320 permzff)
1614 1245 1894 1299 autclavem
1905 1262 2015 1298 caro
2025 1241 2173 1320 digiti
2183 1243 2431 1307 autlabri,
2455 1258 2657 1299 utnota-

526 1319 732 1391 ingreffie
747 1319 1171 1390 aeriperficperius
1217 1328 1404 1372 oramen
1421 1360 1434 1381 ‚
1458 1321 1559 1385 sta·
1615 1315 1787 1372 biliter
1807 1318 2007 1373 vellicet
2032 1320 2092 1380 65
2116 1315 2179 1372 de
2204 1337 2343 1372 carne
2363 1315 2651 1392 dependeat.

524 1394 616 1442 tim
638 1388 814 1455 defluit
832 1409 952 1460 aqua
975 1407 1040 1443 ex
1055 1394 1147 1465 fun
1185 1394 1205 1443 i
1220 1390 1559 1465 foraminibus.
1616 1399 1723 1445 Non
1745 1393 1846 1446 alia
1858 1390 1922 1445 de
1937 1394 2099 1461 caustz,
2123 1389 2215 1462 nist
2222 1396 2336 1464 quia
2349 1383 2555 1445 durante
2565 1410 2655 1447 ex-

527 1459 720 1535 Qodst
731 1466 782 1515 in
794 1458 946 1516 medio
957 1458 1155 1528 defluxu
1183 1467 1362 1517 iterum
1385 1465 1558 1539 appofi-
1599 1465 1813 1532 fitclione
1836 1465 2006 1535 rarcfit
2026 1483 2278 1536 remanens
2306 1469 2441 1520 intus
2454 1465 2569 1528 air,
2594 1464 2656 1526 ξς

528 1547 580 1588 to
609 1533 767 1611 digito
792 1541 1012 1611 foramen
1050 1535 1347 1600 obstruatur,
1372 1537 1557 1612 pendet
1610 1540 2017 1593 violenter-totum
2039 1536 2174 1593 illud
2179 1539 2394 1613 spatium
2403 1539 2542 1608 filus
2567 1541 2660 1591 im-

527 1611 708 1663 iterum
730 1629 852 1682 aqua
877 1623 1040 1663 contra
1075 1611 1431 1664 inclinationem
1451 1612 1559 1679 fiaeae
1600 1611 1737 1683 plet‚·
1773 1613 1978 1680 Ceffante
2000 1613 2119 1667 vero
2130 1612 2269 1680 sudu
2293 1613 2538 1688 recolligit
2551 1607 2655 1679 sed

522 1688 822 1756 gravitatis,
861 1697 974 1737 tunc
985 1688 1131 1738 etiam
1149 1703 1335 1738 manum
1348 1703 1556 1759 gravan-

525 1760 596 1808 tis
609 1797 622 1817 ,
647 1775 732 1810 nec
745 1754 918 1822 defluit
930 1761 981 1810 in
995 1771 1211 1831 apertum
1223 1762 1401 1811 abrem.

302 1868 479 1920 mmm*
526 1903 765 1977 pondere
779 1902 871 1958 suo
881 1902 1060 1979 saepius
1075 1903 1214 1959 disto
1229 1947 1242 1967 ,
1282 1909 1441 1960 etiam
1469 1922 1559 1961 vas

528 1975 592 2031 ad
615 1975 909 2051 irrigandos
931 1979 1118 2032 hortos
1137 1976 1440 2032 confeAEtum
1464 1984 1558 2033 cir-

599 1827 886 1903 Responsio
913 1854 926 1883 ε
951 1831 1097 1905 Qa
1111 1835 1197 1885 aet
1221 1829 1575 1889 circumstans*

1613 1685 1831 1738 violenta
1856 1685 2163 1759 rarefhilione
2179 1685 2239 1747 ξς
2251 1689 2480 1739 minorem
2502 1686 2655 1739 locum

1613 1773 1837 1832 occupans
1848 1755 2054 1813 advocat
2062 1757 2227 1820 aliud,
2245 1755 2468 1833 quodipfi
2477 1762 2654 1833 proxi-

1612 1850 1738 1884 mum
1749 1832 1815 1897 est
1825 1872 1841 1894 ,
1863 1830 1937 1885 ad
1940 1833 2089 1886 locum
2103 1829 2343 1900 desertum
2355 1829 2652 1906 replendum.

1612 1903 1886 1978 Eademque
1920 1910 2056 1975 causa
2091 1907 2157 1972 est
2169 1945 2185 1968 ‚
2221 1926 2306 1960 cur
2329 1902 2658 1968 cucurbitula,

1610 1997 1715 2049 quae
1727 1981 1970 2053 chirurgis
1993 1985 2045 2034 in
2067 1980 2151 2048 uste
2166 1978 2255 2051 effi·
2264 1979 2440 2053 solent,
2467 1997 2657 2033 carnem

527 2048 738 2105 cumdat
762 2092 775 2112 ,
812 2057 988 2123 itaque
1010 2091 1021 2110 ‚
1049 2048 1261 2124 quando
1287 2055 1398 2105 eius
1421 2047 1556 2105 fora·
1596 2052 1791 2119 ficrfiaem
1826 2054 2116 2106 attrahant.-
2150 2058 2383 2106 nimirum
2415 2057 2530 2124 quia
2554 2071 2657 2114 aer,

527 2140 652 2178 men
662 2123 943 2197 supernein
957 2123 1089 2178 collo
1105 2121 1396 2185 obturatur,
1422 2142 1556 2198 aqua
1606 2128 1690 2194 qui
1704 2128 1852 2197 prius
1877 2129 1989 2199 igne
2010 2123 2304 2192 incaluerat,
2331 2125 2457 2185 &in
2471 2131 2654 2180 rarita-

527 2215 622 2272 pet
657 2194 914 2253 foramina
961 2191 1114 2250 fundi
1162 2195 1395 2251 defluere
1443 2214 1555 2252 non

526 2270 728 2345 potest,
763 2289 886 2325 cum
925 2268 954 2321 ὲ
976 2273 1220 2340 gravitate
1255 2271 1387 2323 aeris
1418 2267 1561 2323 susti-

524 2358 733 2405 neatur,
771 2339 864 2397 nist
877 2357 1008 2414 aqua
1020 2345 1075 2394 in
1089 2338 1365 2395 altitudine
1387 2359 1453 2392 20
1479 2341 1558 2395 ul-

522 2433 708 2472 narum
718 2411 956 2470 consistat
969 2453 983 2474 ‚
1019 2425 1077 2467 ut
1088 2417 1205 2468 aere
1217 2429 1437 2469 externo
1449 2431 1559 2487 gra-

522 2496 640 2546 vius
671 2502 887 2564 premat.
926 2485 1064 2560 Ergo
1098 2504 1210 2540 non
1250 2483 1376 2562 fuga
1409 2491 1560 2545 vacui

522 2560 739 2618 sustinet
750 2578 936 2636 aquam
955 2599 968 2621 ,
1001 2557 1087 2615 sed
1101 2564 1319 2634 gravitas
1341 2566 1558 2617 circum-

522 2634 850 2699 stantis‘ae‘tis
863 2632 1038 2691 invase
1063 2634 1163 2688 isto
1188 2631 1327 2689 illam
1351 2640 1558 2690 retinet:

523 2709 725 2764 Contra
748 2724 928 2765 amoto
953 2704 1117 2781 digito
1130 2709 1218 2762 aet
1240 2711 1442 2784 ingredi
1462 2726 1558 2783 po-

522 2781 623 2838 test
647 2802 741 2859 per
761 2783 994 2859 superius
1028 2777 1295 2845 foramen,
1334 2785 1387 2836 &
1423 2803 1556 2857 aqua

521 2874 621 2930 pto
654 2857 742 2913 sua
775 2854 992 2911 naturali
1008 2860 1262 2986 gravitate
1299 2873 1367 2911 ex
1401 2853 1555 2913 fundi

521 2927 866 2988 foraminibus
883 2948 1003 3005 egre
1045 2935 1076 2984 i.

596 3024 643 3070 5.
681 3011 734 3060 Si
768 3005 947 3074 fistulae
998 3023 1140 3058 unam
1188 3008 1552 3060 extremitatem

519 3098 652 3151 aquae
671 3083 923 3153 immergas
945 3119 958 3139 ,
999 3097 1066 3133 ex
1088 3077 1245 3131 altera
1266 3083 1341 3132 ori
1367 3075 1557 3133 admota

300 3023 454 3078 Quinta

275 3075 411 3126 objefflo
422 3102 433 3120 ,
445 3073 473 3113 ἦ

270 3125 434 3176 fictione.

508 3228 603 3292 sua
601 3229 791 3292 scilicet
836 3230 1051 3278 ravitate
1076 3225 1311 3280 relue‘lans
1326 3241 1341 3287 ¹,
1350 3229 1455 3298 post
1481 3231 1559 3281 αέ-

523 3317 623 3353 rem
637 3301 810 3354 extrac‘
824 3318 901 3351 um
913 3295 983 3350 ad
1001 3316 1052 3351 os
1075 3302 1372 3373 exsugentis3
1395 3304 1559 3372 utique

520 3392 580 3426 ne
591 3370 737 3427 detur
747 3391 948 3427 vacuum
964 3375 1015 3423 in
1012 3368 1176 3438 fistula
1187 3373 1374 3441 exfieclo
1391 3381 1518 3427 a'e're.

594 3443 888 3520 Responsio
918 3468 931 3498 ε
956 3446 1110 3499 Hanc
1123 3444 1471 3501 elevationem
1488 3444 1556 3501 ob

521 3536 790 3576 externam
804 3523 931 3575 aeris
942 3522 1242 3592 gravitatem
1256 3559 1268 3579 ,
1282 3537 1397 3592 quae
1410 3525 1556 3594 aquis

519 3593 777 3649 incumbit
798 3609 951 3666 atque
974 3609 1058 3647 eas
1083 3597 1136 3646 in
1165 3589 1294 3646 illud
1320 3591 1555 3664 spatium,

520 3665 948 3741 quodinaneest‚
971 3670 1229 3740 reprimit,
1255 3669 1378 3720 oriri
1404 3682 1470 3719 ex
1487 3683 1552 3720 eo

274 3486 453 3536 Refhlntio.

1610 2209 1708 2249 tem
1725 2194 1938 2259 abierat,
1965 2195 2179 2251 extinc‘la
2188 2193 2650 2271 flammaftigidita-

1611 2281 1711 2321 tem
1726 2270 1786 2330 ξς
1800 2268 2081 2331 denfitatem
2094 2275 2266 2344 recipit
2278 2283 2419 2342 atque
2430 2275 2483 2324 in
2505 2276 2655 2325 mino-

1612 2358 1713 2393 rem
1724 2341 1987 2395 contractus
2003 2342 2172 2394 molem
2197 2347 2338 2394 inane
2347 2344 2561 2415 spatium
2576 2362 2653 2397 re-

1613 2412 1858 2486 linqueret
1868 2455 1885 2480 ,
1908 2411 2001 2476 nifi
2005 2411 2077 2469 ad
2083 2410 2146 2467 id
2151 2411 2430 2489 replendum
2441 2434 2550 2470 caro
2559 2418 2654 2471 ele-

1613 2500 1830 2542 varetur.

1683 2559 1974 2638 Responfio
1991 2562 2365 2639 :Qaecunque
2375 2566 2431 2618 in
2445 2560 2543 2619 hac
2556 2566 2659 2620 Ex·
2692 2586 2869 2639 afim..

1612 2638 1868 2707 petientia
1906 2636 1974 2692 de
2010 2636 2192 2694 fistulis
2229 2641 2282 2691 &
2304 2635 2656 2703 cucurbitulis,

1611 2725 1729 2783 quae
1751 2710 1985 2766 extracto
2006 2717 2125 2767 aere
2149 2728 2359 2767 carnem
2383 2708 2654 2769 admotam

1610 2781 1898 2847 attrahant,
1918 2781 2288 2858 proferuntur,
2313 2802 2374 2839 ea
2385 2783 2655 2842 resolutio-

1612 2874 1679 2911 ne
1690 2857 1978 2929 prolixiore
1991 2873 2128 2930 opus
2142 2876 2253 2912 non
2279 2855 2477 2914 habent
2490 2898 2504 2920 ‚
2530 2857 2652 2915 cum

1610 2927 1830 2985 eandem
1855 2947 1953 3058 εγ.
1968 2953 2046 2999 32·
2074 2935 2514 2988 annotaverimus.

1685 3026 1732 3066 7.
1775 3008 1829 3058 Si
1826 3002 1886 3072 sc
1906 3019 2044 3079 opeto
2065 3022 2195 3059 aeneo
2210 3046 2224 3066 ,
2246 3018 2332 3058 aut
2347 3010 2518 3073 majori
2530 3002 2654 3061 bom·
2678 3026 2897 3078 εφεὶηιοι.

1611 3072 1775 3132 bardae
1797 3082 2039 3132 immittas
2061 3075 2297 3132 embolum
2316 3082 2546 3134 interiori
2569 3082 2657 3150 fic-
2668 3078 2876 3182 {25:1ss

521 3158 680 3207 aerem
692 3158 889 3226 exsugas
901 3194 914 3213 ,
931 3152 1157 3206 elevatur
1169 3154 1408 3229 confestim
1420 3172 1558 3226 aqua,
1601 3150 1819 3225 perficiei
1830 3148 1950 3206 bene
1960 3166 2298 3224 congruentem
2310 3193 2324 3213 ,
2348 3166 2404 3207 ut
2423 3156 2508 3207 aer
2528 3157 2660 3209 inter
2680 3179 2863 3230 afim„

1612 3224 1772 3351 ipsun}
1782 3225 1844 3286 ἐς
1866 3210 2101 3314 embolum
2113 3222 2288 3294 ficbire
2310 3246 2403 3280 non
2406 3225 2566 3301 pofflt,
2598 3228 2659 3290 ἐς
2677 3231 2897 3323 zm?-

1613 3301 2297 3440 „istmdgtffxjoetzfssltxst
2305 3301 2551 3435 ἕὲἷὲἶῖῗὲἱ
2565 3321 2657 3435 ’ἕέ
2677 3343 2750 3373 ‘'¹'‘

1612 3447 1668 3496 vi
1688 3444 2032 3522 aliquantisper
2060 3445 2318 3506 extrac‘i‘usl
2335 3447 2469 3504 retrb
2488 3451 2652 3522 agitur

1612 3521 1746 3571 intra
1746 3519 1973 3585 fistulam.

1685 3589 2007 3667 Responsio:
2045 3590 2193 3648 Idem
2210 3590 2436 3649 Embolo
2457 3592 2652 3650 Antliae
2689 3622 2864 3674 afim,

1610 3664 1957 3722 Pneumaticae
1967 3665 2206 3741 quotidie
2217 3670 2469 3739 contingit
2481 3689 2496 3731 ς
2511 3667 2652 3724 Cau·

516 3742 727 3815 colligas
750 3781 765 3803 ,
790 3738 936 3814 quod
964 3738 1181 3796 elevatio
1205 3755 1349 3827 aquae
1371 3741 1554 3812 viginti
1605 3735 1660 3791 sa
1675 3755 1847 3794 autem
1862 3738 2020 3812 hujus
2030 3745 2103 3795 rei
2117 3758 2224 3796 non
2237 3727 2483 3813 fingenda
2497 3752 2650 3797 natu·

518 3814 665 3870 ulnas
677 3832 785 3868 non
800 3811 1018 3867 excedat
1042 3835 1057 3875 ς
1084 3813 1137 3866 Si
1154 3830 1274 3869 vero
1293 3811 1323 3864 a
1334 3809 1456 3885 fuga
1468 3829 1552 3867 va·
1609 3829 1662 3865 ta
1673 3809 1963 3869 formidans
1974 3812 2061 3868 seu
2072 3811 2275 3888 fugiens
2283 3830 2504 3869 vacuum
2521 3856 2535 3877 ,
2559 3813 2649 3871 sed

515 3893 599 3941 cui
626 3891 952 3962 proveniret,
978 3904 1111 3959 aqua
1134 3882 1272 3960 quasl
1295 3890 1349 3939 in
1380 3883 1551 3939 infini-

515 3976 627 4015 tum
649 3959 947 4014 ascenderet
971 3977 1031 4012 ac
1056 3958 1284 4014 canalem
1297 3958 1547 4031 impleret.

271 4068 377 4099 sexu
401 4058 489 4112 obje-

587 4045 617 4087 6
624 4072 637 4086 .
675 4041 728 4086 Si
740 4034 957 4107 phialam
983 4048 1198 4104 cupream
1206 4032 1359 4101 firmis
1381 4032 1548 4085 lateri·
1605 4051 1717 4088 non
1735 4031 1900 4088 modo
1923 4031 2191 4089 difficulter
2206 4047 2351 4089 extra

1605 3891 1826 4014 gravitas
1834 3884 2058 3960 cylindri
2068 3890 2201 3942 aerei
2217 3883 2406 3942 scilicet
2420 3887 2648 3945 statuen-

1645 3976 1700 4021 a,
1726 3978 1841 4035 quae
1864 3957 2129 4015 embolum
2153 3957 2214 4011 ea
2235 3963 2286 4015 vi
2309 3967 2646 4087 rehprimitmt

2391 4049 2530 4098 atur,
2553 4033 2641 4091 sed

271 4110 492 4160 ffloaglm
513 4103 599 4159 bus
614 4106 887 4181 compallam
903 4148 918 4169 ,
941 4124 999 4157 ne
1001 4106 1152 4177 facile
1165 4118 1430 4179 rumpatur,
1442 4109 1547 4178 igni
1604 4111 1761 4162 etiam
1790 4105 2026 4181 (quando
2053 4103 2273 4177 amplus)
2308 4106 2372 4162 ab
2398 4125 2460 4163 ea
2475 4122 2641 4164 extra-

270 4164 344 4212 igm'
366 4165 487 4199 admo-

270 4223 305 4251 to
318 4238 328 4252 ,
340 4211 385 4258 ό·
395 4212 421 4249 ὰ
432 4226 490 4250 cuo

513 4176 754 4232 admotam
779 4180 1020 4253 calefaciat
1047 4220 1062 4242 ,
1095 4193 1151 4232 ut
1174 4184 1259 4234 ae‘r
1282 4184 1415 4231 intus
1442 4197 1545 4231 con·
1604 4179 1777 4234 &ione
1814 4195 2057 4255 tanquam
2088 4178 2383 4253 impoffibili
2419 4179 2639 4236 omnino

268 4263 462 4303 cursualis.
511 4265 673 4307 tentus
682 4254 991 4307 vehementer
1000 4252 1225 4321 rarefiat,
1246 4269 1435 4325 eamque
1460 4248 1545 4305 de·
1600 4249 2210 4311 abstinendum.Videatur
2221 4249 2633 4327 cap.anteced.27.

2509 4326 2634 4381 CA-
