3068 4718
337 3403 517 3454 opiniones

301 3455 341 3491 de
353 3454 491 3492 Mundo.

528 234 560 268 2

1163 207 1499 262 LrnER
1572 204 2003 259 Parmos

538 318 745 360 vatores
781 301 996 378 quidem
1022 300 1213 367 fuere;
1252 299 1346 358 sed
1373 305 1495 376 quia
1520 296 1588 355 ad
1638 296 1926 374 Solemque
1973 304 2027 354 in
2067 296 2247 357 medio
2286 296 2443 371 hujus
2490 296 2687 355 Mundi

540 376 633 434 has
655 379 893 434 scientias
917 383 1193 433 innumera
1219 380 1554 451 requiruntur
1576 416 1590 436 ,
1640 370 1920 429 consistere
1955 416 1970 438 ,
2014 377 2067 427 &
2087 373 2309 428 Terram
2329 391 2451 429 cum
2489 379 2687 430 caeteris

542 451 609 506 de
631 451 806 507 seculo
830 452 896 506 ad
918 452 1149 507 seculum
1165 450 1359 525 aliq-uid
1375 445 1587 504 addide-
1647 445 1877 505 Planetis
1899 454 2032 503 circa
2055 446 2203 503 illum
2229 448 2386 505 volvi.
2453 448 2685 514 Aristote-

540 541 663 580 runt
686 524 883 600 posteri
907 569 921 590 ,
957 531 1090 581 inter
1120 542 1255 600 quos
1287 520 1501 578 Chaldaei
1535 526 1587 575 δε
1648 521 1749 585 les,
1786 520 2057 578 Mundum
2080 522 2145 576 ab
2169 536 2367 577 aeterno
2391 525 2521 577 &in
2543 536 2687 576 aeter·

541 605 752 674 AEgyptii
817 597 1045 655 maxime
1088 604 1406 674 viguerunt;
1471 594 1587 650 Imo
1648 613 1777 652 num
1804 594 1906 651 effe
1935 595 2159 658 censuit,
2199 598 2383 651 Unum
2409 612 2588 651 tamen
2609 594 2689 651 so-

542 671 843 728 Abrahamus
886 675 1173 728 Patriarcha
1206 677 1261 727 in
1309 669 1429 726 disci
1470 669 1588 725 linis

541 744 724 802 iisdem
760 746 1113 803 solertiffimus
1145 739 1294 801 fuiffe
1331 763 1415 800 cre
1456 748 1588 806 itur3

540 825 609 874 Et
639 827 838 895 Moysen
872 820 1225 876 Astronomiae
1265 820 1535 876 scientiam
1560 816 1590 871 a

543 892 807 948 Chaldaeis
823 899 874 948 ὃς
896 895 1156 969 AEgyptiis
1180 890 1396 949 haufiffe
1422 936 1436 955 ‚
1473 893 1587 947 Phi-

541 968 587 1020 lo
622 967 836 1023 testatur
858 993 873 1032 ;
910 967 1080 1038 Quod
1107 973 1267 1024 etiam
1293 968 1343 1022 S.
1370 965 1589 1041 Stepha-

542 1057 642 1095 nus
685 1050 739 1096 in
777 1042 924 1098 Aeris
965 1042 1346 1118 Apostolorum
1396 1038 1587 1096 confir-

546 1133 689 1170 mare
724 1114 932 1171 videtur
970 1116 1192 1173 dicens:
1247 1117 1443 1192 Moyses
1480 1115 1589 1190 suit

544 1186 763 1243 eruditus
786 1196 838 1243 in
850 1196 977 1245 omni
988 1194 1236 1268 sapientia
1249 1201 1300 1247 AE
1391 1195 1591 1249 tiorum&

546 1268 694 1334 cujus
715 1279 917 1337 partem
934 1271 1216 1322 maximam
1230 1264 1307 1322 fui
1352 1284 1380 1320 e
1401 1263 1589 1320 Astro-

543 1342 779 1392 nomiam
802 1379 815 1399 ,
857 1338 1109 1396 testantur
1158 1338 1434 1402 Diodorus,
1473 1344 1590 1393 Dio·

539 1430 686 1483 genes
725 1418 949 1468 Laertius
975 1454 989 1476 ‚
1026 1414 1168 1468 Philo
1194 1413 1397 1485 Judaeus
1428 1456 1441 1476 ,
1465 1422 1589 1486 Jam0

541 1483 728 1539 blichus
741 1489 792 1537 &
802 1484 1054 1553 Eusebius.

615 1556 713 1612 Ast
733 1557 1005 1633 quousque
1031 1565 1084 1614 in
1110 1558 1207 1614 hac
1225 1559 1439 1615 scientia
1473 1576 1590 1635 per-

547 1636 816 1694 venerint,
852 1636 1115 1689 incertum
1141 1632 1220 1688 est
1240 1676 1254 1696 ,
1293 1633 1427 1689 nihil
1448 1637 1593 1689 enim

546 1703 614 1759 de
643 1705 723 1761 his
739 1724 915 1781 neque
940 1711 995 1762 in
1020 1707 1180 1764 sacris
1192 1706 1380 1772 literis,
1419 1724 1594 1784 neque

541 1783 597 1833 in
621 1780 896 1854 gentilium
932 1779 1160 1858 scriptis,
1180 1787 1451 1837 memoriae
1473 1799 1592 1857 pro-

543 1850 711 1908 ditum
726 1851 980 1910 habemus
990 1898 1003 1918 ‚
1018 1854 1113 1911 nisi
1123 1857 1410 1932 generalia:
1433 1855 1591 1912 Adeo

541 1931 665 1981 utin
682 1926 784 1983 illis
810 1947 911 1983 nec
938 1931 1272 1986 Planetarum
1299 1949 1400 1986 nec
1418 1931 1589 2005 Eclip-

538 1998 670 2056 fium
694 2001 955 2057 Solarium
979 2007 1031 2057 ὃς
1057 2007 1346 2059 Lunarium
1370 2003 1477 2060 ulla
1498 2003 1591 2059 fiat

542 2074 888 2131 determinata
903 2080 954 2133 &
970 2075 1210 2132 distin&a
1223 2084 1442 2133 mentio.

620 2150 871 2227 Qorum
882 2149 1147 2225 supersunt
1159 2150 1589 2215 Observationes,

535 2224 872 2298 antiquiffimi
931 2223 1183 2300 Babylonii
1231 2225 1386 2291 sunt3
1433 2231 1585 2282 nimi-

536 2317 653 2354 rum
702 2297 858 2354 habet
907 2299 1197 2353 Ptolemaeus
1261 2317 1328 2355 ex
1376 2305 1585 2373 Hippar-

533 2375 642 2435 cho,
666 2372 867 2447 aliquot
891 2371 1183 2445 Eclipsesin
1209 2373 1481 2445 Babylone
1494 2369 1589 2425 ob-

532 2445 758 2502 servatas
773 2487 787 2508 ,
815 2448 965 2500 annis
980 2444 1144 2519 paulo
1154 2443 1274 2520 plus
1289 2462 1412 2502 ante
1429 2444 1585 2500 Chri-

533 2513 670 2577 stum
683 2524 866 2579 natum
891 2539 1019 2584 7003
1059 2517 1207 2596 quod
1232 2518 1300 2576 de
1323 2521 1588 2576 ulteriori-

534 2593 632 2650 bus
643 2609 1065 2651 commemorant
1076 2637 1089 2656 ‚
1130 2609 1219 2649 aut
1233 2592 1383 2650 nullo
1396 2592 1588 2670 proba-

533 2682 618 2723 tur
642 2666 970 2725 documento
997 2710 1011 2731 ,
1043 2684 1133 2724 aut
1170 2666 1403 2731 fabulam
1437 2668 1585 2744 sapit.

535 2740 749 2800 Deinde
767 2748 923 2796 Graeci
946 2740 1317 2818 Philosophiin
1329 2743 1587 2799 Astrono-

538 2820 659 2874 miae
671 2820 724 2871 &
737 2817 1089 2891 Geographiae
1100 2816 1326 2873 scientiis
1344 2819 1474 2876 nulli
1487 2817 1585 2874 ces-

537 2888 740 2953 serunt3
777 2889 868 2946 sed
889 2888 1141 2948 foverunt
1166 2897 1220 2946 in
1245 2890 1587 2948 describendo

470 2963 474 2965 Δ
542 2962 950 3040 &depingendo
979 2965 1225 3027 Mundo,
1258 2966 1471 3042 ejusque
1495 2967 1592 3042 sy-

540 3035 761 3093 stemate
785 3081 798 3101 ,
835 3039 1018 3096 natura
1054 3045 1107 3095 &
1144 3045 1349 3115 origine
1370 3082 1384 3103 ,
1423 3057 1596 3097 tantas

545 3114 682 3169 inter
693 3111 876 3169 selites
899 3119 952 3169 &
980 3120 1382 3178 contentiones,
1418 3130 1479 3170 ut
1496 3133 1595 3190 pro

543 3183 742 3243 tuenda
753 3183 937 3261 singuli
963 3193 1224 3262 opinione
1244 3189 1359 3252 sua,
1400 3190 1592 3245 nonle-

545 3255 662 3314 vius
686 3260 823 3313 inter
848 3261 900 3315 se
935 3265 1136 3317 calamo
1166 3306 1179 3326 ,
1218 3283 1376 3339 quam
1417 3263 1595 3320 hostes

545 3330 719 3407 gladio
731 3331 1126 3389 decertaverint.
1235 3336 1238 3338 ’

620 3407 794 3460 Thales
829 3408 1053 3477 Milefius
1085 3409 1199 3484 (qui
1226 3414 1428 3483 primus
1452 3410 1595 3485 apud

549 3479 761 3534 Graecos
774 3479 996 3555 Eclipsm
1008 3481 1142 3537 Solis
1156 3481 1399 3557 praedixit
1411 3526 1423 3545 ,
1443 3501 1597 3542 natus

550 3566 653 3619 640
666 3571 834 3609 annos
845 3573 909 3609 an
917 3574 968 3610 re
982 3554 1280 3627 Christum)
1304 3575 1468 3611 unum
1485 3573 1596 3613 tan-

547 3642 660 3681 tum
675 3627 944 3685 Mundum
960 3672 973 3690 ,
993 3630 1221 3705 &ipsum
1236 3631 1265 3685 a
1280 3633 1400 3686 Deo
1417 3655 1431 3694 ς
1470 3650 1594 3688 con·

1641 667 1921 727 lummodo
1930 668 2177 729 conceffit
2190 713 2205 735 ,
2227 673 2280 724 δε
2301 668 2442 725 hunc
2453 686 2552 744 pro
2568 671 2696 724 Uni-

1647 742 1795 799 verso
1827 751 2041 821 accepit.
2093 745 2234 799 Plato
2267 743 2453 800 contra
2479 786 2494 808 ‚
2529 745 2695 798 Mun·

1649 815 1775 873 dum
1788 823 2104 894 principium
2129 815 2360 874 habuisse
2375 860 2391 883 ‚
2424 816 2588 873 finem
2602 835 2690 875 ve-

1647 891 1706 946 ro
1720 910 1827 951 non
1841 892 2138 950 habiturum
2155 893 2346 949 statuit.

1718 966 1801 1021 Sic
1813 965 2070 1038 ejusmodi
2093 986 2306 1044 quoque
2335 963 2548 1024 diversae
2571 980 2694 1039 pro·
2718 982 2940 1037 osvero-ps·-

1647 1037 1858 1096 dierunt
1872 1040 1939 1097 de
1963 1041 2203 1097 Terreno
2215 1040 2397 1097 nostro
2408 1039 2570 1116 globo
2581 1043 2694 1114 opi·
2717 1035 2936 1124 {zacha-o-

1643 1118 1849 1171 niones.
1897 1113 2067 1192 Qod
2090 1131 2266 1171 autem
2289 1113 2380 1172 ille
2397 1157 2413 1180 ,
2444 1113 2552 1170 una
2571 1130 2695 1169 eum
2708 1136 2778 1186 st„
2790 1135 2908 1177 σω..

1643 1190 1777 1265 aqud
1811 1195 1864 1248 &
1885 1195 2291 1262 circumjacente
2316 1193 2436 1245 aere
2466 1231 2482 1254 ,
2518 1198 2697 1244 rotun·

1646 1261 1772 1321 dum
1787 1263 1909 1323 vere
1956 1263 2134 1320 lobum
2150 1268 2202 1319 &
2216 1280 2310 1338 per
2331 1264 2382 1319 se
2392 1260 2550 1318 libere
2561 1270 2613 1318 in
2627 1279 2695 1316 ae-

1648 1336 1902 1396 theresub
1923 1332 2690 1412 istentem,constituat;Q10d·

1648 1431 1715 1469 ve
1737 1415 1922 1471 incolae
1963 1418 2297 1470 circumcirca
2330 1430 2456 1468 eum
2489 1408 2691 1465 inhabi-

1647 1501 1790 1553 tent3
1828 1488 1960 1546 illud
1973 1492 2228 1563 antiquis,
2261 1492 2352 1563 qui
2382 1500 2506 1541 ante
2519 1499 2692 1540 annos

1650 1565 1853 1618 circiter
1866 1586 1895 1617 2
1907 1585 1999 1633 300
2013 1561 2213 1619 &ultra
2234 1566 2506 1624 vixerunt,
2542 1563 2689 1615 inco·

1647 1639 1854 1707 gnitum
1866 1634 2043 1698 fuisse,
2081 1635 2300 1694 videtur.

1735 1706 1879 1764 Cum
1927 1714 2069 1765 enim
2115 1713 2360 1782 regiones
2406 1711 2693 1763 exteriores

1645 1778 1989 1845 Afiae,Africae
2002 1787 2055 1837 &
2068 1788 2293 1856 Europae
2307 1781 2502 1853 (multo
2517 1784 2693 1836 minus

1643 1858 1888 1914 America
1904 1899 1918 1920 ,
1951 1875 2112 1933 quam
2137 1857 2359 1912 Terram
2373 1856 2587 1912 Novam
2611 1870 2695 1928 ap-

1642 1927 1925 2057 pellamus)
1939 1947 2066 1988 tunc
2075 1935 2336 2006 temporis
2346 1934 2572 2006 cognitae
2582 1944 2696 1984 non

1667 2010 1842 2062 uerinr
1865 2049 1879 2069 ‚
1919 2011 1972 2061 &
1992 2021 2139 2062 extra
2154 2006 2248 2061 has
2259 2003 2388 2061 nihil
2409 2004 2568 2082 quam
2595 2006 2695 2057 im·

1639 2079 1815 2134 mensa
1827 2085 1989 2134 maria
2011 2078 2271 2142 viderint;
2307 2078 2514 2135 Idcirco
2537 2075 2695 2152 pleri·

1642 2169 1746 2225 que
1758 2153 1980 2209 Terram
1993 2194 2006 2215 ‚
2033 2167 2124 2211 aut
2134 2155 2283 2228 aquis
2293 2149 2690 2211 circumdatam,

1642 2226 2027 2302 consequenter
2038 2225 2188 2301 super
2201 2232 2363 2281 maria
2384 2223 2479 2282 fun
2486 2223 2663 2280 datam
2678 2245 2694 2277 ι

1645 2302 1756 2353 Aut
1779 2301 1939 2355 altera
1960 2314 2109 2373 parte
2142 2297 2346 2354 infinite
2368 2297 2696 2374 profundam

1646 2372 1749 2430 esse
1764 2398 1777 2427 ε
1801 2377 1912 2428 Aut
1923 2387 2137 2447 propter
2151 2378 2266 2442 ejus
2277 2371 2496 2447 figuram
2506 2371 2692 2428 admo-

1643 2447 1772 2504 dum
1793 2444 1977 2508 latam,
2033 2448 2207 2502 a‘e‘rem
2231 2450 2586 2521 comprimere
2611 2451 2692 2502 in-

1639 2521 1920 2586 feriorem,
1955 2536 2113 2597 atque
2133 2517 2202 2574 fic
2236 2517 2300 2574 ab
2326 2539 2394 2575 eo
2421 2519 2694 2577 sustentari

1639 2611 1982 2671 putaverunt,
2021 2614 2090 2650 ne
2141 2592 2387 2650 decidat:
2423 2597 2483 2649 In
2521 2597 2692 2669 prima

1638 2671 1898 2728 sententia
1934 2668 2034 2726 fuit
2057 2669 2232 2723 Thales
2266 2667 2495 2737 Milefius
2519 2672 2572 2723 &
2600 2666 2689 2724 alii

1638 2744 1938 2820 complures
1953 2744 2074 2799 huic
2086 2747 2324 2818 opinioni
2333 2742 2527 2798 addicti
2538 2741 2692 2813 (ficut

1643 2826 1802 2877 etiam
1827 2816 2114 2874 secundum
2139 2816 2291 2870 istam
2317 2817 2459 2892 vulgi
2482 2822 2689 2891 opinio·

1645 2912 1769 2951 nem
1804 2891 1927 2947 Psal.
1958 2908 2043 2957 24.
2082 2891 2231 2965 loqui
2257 2888 2498 2947 videtur:
2552 2901 2689 2946 Deus
2725 2898 2733 2906 “

1644 2973 1841 3024 Terram
1851 2966 2002 3040 stipor
2023 2970 2179 3017 maria
2195 2961 2444 3038 fundavit
2469 2966 2530 3026 ξς
2549 2965 2689 3039 fitper

1676 3047 1836 3097 umina
1868 3036 2146 3108 stabilivit)
2184 3035 2440 3094 Secundae
2485 3037 2692 3094 senten-

1643 3122 1727 3171 tiae
1772 3112 1954 3170 subscri
1996 3110 2057 3166 fit
2093 3114 2346 3187 Xenophon
2381 3115 2686 3189 Colophonius

1647 3208 1767 3245 cum
1783 3188 1885 3244 suis
1898 3130 2120 3250 asszclis3
2156 3186 2288 3263 Qo
2316 3183 2485 3242 forsan
2509 3184 2687 3244 secun·

1646 3263 1771 3319 dum
1806 3266 2231 3318 communiorem
2265 3261 2453 3336 populi
2481 3259 2686 3319 senten-

1646 3343 1773 3392 tiam
1796 3337 1955 3393 verba
1989 3334 2115 3391 Psal.
2147 3354 2280 3402 104:
2319 3336 2586 3390 collimare
2609 3337 2685 3390 vi-

1648 3410 1864 3466 dentur:
1906 3420 2040 3464 Deus
2052 3407 2300 3485 fundavit
2323 3415 2522 3464 Terram
2531 3410 2684 3482 stipes·

1646 3483 1781 3553 bafts
1820 3490 1922 3546 ejus
1950 3526 1963 3543 ,
2011 3502 2067 3538 ne
2098 3479 2437 3538 dimoveretur
2467 3491 2522 3537 in
2542 3487 2681 3552 Jecu-

1642 3559 1741 3611 lum
1767 3559 1828 3621 <⁸9¹
1844 3573 2142 3634 perpetuum.
2204 3557 2441 3612 Tertiam
2478 3556 2681 3612 senten-

1643 3637 1771 3686 tiam
1827 3645 2292 3707 propugnaverunt
2350 3635 2681 3687 Democritus,

548 3714 627 3756 tra
683 3702 1006 3757 Metrodorus
1068 3708 1207 3761 Chius
1273 3702 1591 3781 Astrologus
1644 3716 1961 3781 Anaxagoras
2000 3710 2050 3760 &
2086 3703 2272 3779 reliqui
2293 3704 2438 3761 istius
2471 3707 2681 3777 opinio-

550 3773 865 3831 Universum
900 3776 1274 3850 sempiternum
1314 3776 1416 3834 esse
1460 3799 1590 3844 con·
1642 3785 1740 3835 nis.

547 3846 810 3902 tendebat.
851 3858 1148 3915 Democriti,
1176 3859 1375 3928 Epicuri
1402 3857 1453 3908 &
1476 3864 1592 3908 Leu-

548 4137 779 4214 dumque
812 4157 1061 4218 tanquam
1110 4147 1301 4203 animal
1339 4150 1589 4223 respirans

545 4213 796 4268 attrahere
810 4221 1047 4273 vacuum
1061 4235 1206 4274 extra
1220 4222 1490 4277 Mundum
1504 4264 1517 4283 ,
1536 4226 1588 4277 &

545 4283 686 4359 quasi
711 4288 910 4362 ingredi
934 4295 987 4346 in
1016 4292 1275 4351 mundum
1319 4294 1587 4361 dicebant,

1776 3852 1925 3909 uibus
1936 3849 2338 3927 praesuppofitis,
2377 3850 2680 3906 Terramta·
2708 3861 2931 3912 Tmmgle-

546 3925 668 3994 cippi
684 3927 991 3994 opiniones,
1026 3926 1200 3998 plures
1221 3926 1464 3983 Mundos
1485 3946 1590 4003 prae
1639 3927 1743 3983 lem
1813 3927 1976 3982 obum
1990 3924 2089 3981 esse
2114 3922 2399 3981 rotundum
2426 3929 2585 3980 etiam
2615 3924 2680 3980 ab
2703 3910 2789 3999 ΖΞ
2800 3923 2928 4009 ἔζζ*

543 3992 595 4046 se
617 3991 869 4051 ferebant.
922 4001 1248 4074 Pythagoraei,
1276 4000 1418 4058 aliud
1430 4005 1591 4056 Mun·
1639 4000 1998 4077 Antipodibus
2013 4006 2415 4074 circumquaque
2428 3997 2678 4054 habitabi·
2705 4015 2853 4051 AEthm
2876 4014 2925 4051 ιε.

550 4065 702 4128 dum,
738 4067 881 4124 aliud
926 4069 1235 4128 Universum
1263 4072 1387 4137 effe,
1426 4078 1585 4130 Mun·
1641 4073 1746 4130 lem
1773 4118 1785 4137 ,
1826 4093 1986 4130 nemo
2013 4090 2139 4129 tunc
2168 4080 2423 4149 temporis
2458 4079 2663 4147 putavit

1639 4292 2001 4354 Anaximander
2026 4320 2044 4350 .-
2094 4294 2354 4369 Cylindro
2379 4295 2476 4352 -seu
2512 4295 2678 4366 Tym-

2532 4384 2677 4441 pano

2701 4063 2778 4100 om
2795 4062 2900 4107 saofi-

1639 4148 1728 4205 sed
1752 4148 1957 4223 semper
1979 4147 2327 4221 discrepantes
2347 4146 2553 4203 haesere.
2592 4115 2680 4200 Sic,
2696 4113 2928 4216 ἵζε-’ᾗῇ

1640 4225 1862 4278 Terram
1900 4222 2180 4278 Columnae
2216 4220 2434 4278 similem
2483 4218 2678 4275 censuit
2700 4215 2925 4313 ζέζζζζζζη
