3068 4718
994 344 1115 384 Ao
1191 319 1816 387 LECTOREM.

348 454 436 495 res
458 427 680 494 alterius
697 443 1062 502 annotamus,
1095 450 1337 493 errorem
1373 429 1791 494 committimus
1857 428 2169 496 Censuram
2193 432 2368 522 igitur
2391 432 2451 497 in

345 524 410 585 iis
425 569 443 602 ‚
475 543 599 610 quae
624 520 1044 607 Experimentis
1060 542 1178 583 non
1195 517 1672 600 demonstrantur,
1690 520 2053 607 expediamus
2069 566 2088 594 ‚
2116 525 2449 609 Sapientum

343 630 518 700 atque
532 614 824 676 Bonorum
846 658 866 688 ,
882 616 942 677 &
958 610 1000 675 fi
1010 611 1150 697 quid
1165 609 1361 675 rectius
1389 608 1577 675 edoffl
1595 610 1685 676 vel
1713 614 1917 676 moniti
1931 613 2199 679 fuerimus
2210 663 2230 694 ,
2253 610 2447 679 melio-

342 702 727 790 rasequemur.

437 795 748 880 Praeprimis
761 809 949 858 autem
966 792 1024 854 id
1037 791 1429 856 contendimus
1439 836 1458 866 ,
1484 790 1644 877 quod
1671 793 1783 856 hoc
1804 815 1949 878 opus
1975 795 2118 857 intra
2145 790 2307 856 solius
2320 796 2448 859 Ma-

344 884 565 949 theseos
579 882 807 949 claustra
819 884 1194 947 coercendum
1208 930 1225 961 ‚
1247 905 1353 946 nec
1365 906 1437 946 ex
1451 885 1517 945 iis
1531 885 1589 945 in
1600 881 1735 945 alios
1757 906 1987 969 campos
2000 931 2018 963 ,
2039 882 2239 948 Fidem
2267 880 2453 948 forsan

344 993 777 1053 concernentes,
805 975 1219 1038 excurrendum
1248 999 1261 1035 ε
1288 974 1383 1037 sed
1411 971 1535 1036 solis
1559 973 1977 1039 Mathematicis
1992 974 2277 1061 principiis
2293 1016 2313 1045 ‚
2349 996 2452 1061 per

343 1070 736 1156 experimenta
749 1063 1045 1129 manifestis
1058 1110 1078 1139 ‚
1105 1063 1464 1128 insistendum
1491 1061 1571 1127 fit.
1623 1066 1722 1128 Sin
1747 1067 1884 1130 vero
1903 1063 2164 1130 nonnihil
2189 1061 2276 1129 vel
2297 1064 2453 1127 inco-

347 1160 577 1250 gitanti‚
608 1173 836 1221 autnon
850 1155 1199 1235 advertenti,
1219 1154 1527 1241 suspe&um
1543 1203 1561 1235 ,
1583 1173 1780 1219 contra
1804 1174 2056 1220 mentem
2084 1156 2362 1243 eruperit,
2389 1154 2451 1219 id

347 1248 644 1314 tenacium
668 1246 814 1311 hisce
837 1244 1073 1310 velimus
1106 1268 1120 1308 ε
1146 1244 1529 1311 Diffentiendi
1550 1248 1706 1310 enim
1729 1244 2043 1313 libertatem
2067 1248 2274 1334 cuique
2287 1242 2452 1310 relin-

345 1339 872 1428 quimus&veritati
886 1340 1064 1428 magis
1076 1339 1473 1403 convenientia
1498 1334 1691 1424 sequi,
1715 1340 1892 1423 parati
1916 1336 2123 1404 sumus,
2162 1337 2346 1414 Qod
2369 1335 2451 1400 su-

344 1430 552 1519 perest,
582 1446 879 1518 putamus,
904 1451 1025 1492 non
1056 1429 1321 1497 defutura
1347 1427 1579 1518 posthac
1617 1425 1837 1494 subtilia
1856 1453 1921 1493 ac
1941 1429 2270 1518 perspicacia
2293 1430 2450 1516 inge-

343 1525 439 1588 nia
453 1569 473 1603 ,
497 1544 627 1611 quae
636 1523 827 1609 operis
836 1519 1002 1606 hujus
1013 1518 1254 1587 lefflone
1267 1523 1540 1599 excitata,
1562 1518 1634 1584 ad
1647 1518 1753 1585 alia
1779 1518 2003 1587 forsitan
2027 1517 2261 1586 meliora
2277 1537 2453 1606 atque

342 1611 542 1679 altiora
560 1611 869 1701 aliquando
889 1613 1232 1678 invenienda
1246 1663 1268 1693 ,
1294 1635 1485 1677 curam
1503 1609 1609 1676 fint
1617 1610 1942 1701 susceptura.
1987 1616 2072 1677 lta
2084 1610 2230 1680 Vale
2245 1611 2458 1691 ,Lefflor

345 1704 622 1783 OEenevole,
644 1707 705 1770 &
718 1720 951 1768 conatus
959 1703 1180 1769 nostros
1191 1707 1250 1769 in
1266 1721 1485 1792 partem
1493 1702 2171 1792 melioreminterpretare.
2214 1699 2455 1766 Daban-

344 1812 439 1862 tur
457 1794 797 1883 Magdeburgi
811 1842 831 1875 ,
852 1796 948 1859 die
974 1818 1052 1879 14
1076 1797 1277 1859 Martii
1307 1800 1487 1859 Anno
1510 1796 1687 1880 1670.

1332 2127 1367 2171 1
1402 2122 1468 2167 N

412 2210 1151 2313 EXPERIMENTA
1206 2241 1484 2306 NovA
1529 2240 2393 2322 MAooEssmzorcA,

971 2395 1212 2485 Nobihss.
1244 2400 1303 2461 ες
1331 2395 1839 2486 Excellentiss.Vir1·‚

343 2546 490 2629 Du.
596 2534 1265 2621 OTTONI
1318 2537 1366 2616 S
1443 2537 1487 2617 a
1565 2533 2458 2621 GUERICKE.

712 2712 759 2787 ’ξ’-ἰ
780 2718 798 2787 J
817 2724 986 2769 Aturae
1009 2716 1175 2768 varias
1199 2724 1354 2764 mente
1376 2712 1668 2786 expiscarier
1687 2725 1836 2775 artes,

614 2807 630 2858 3·
657 2787 697 2861 ζῇ,
778 2799 798 2846 ἦ
888 2787 1077 2840 Fertilis
1111 2788 1302 2859 Ingenii
1322 2783 1387 2851 est
1416 2787 1746 2858 atquesagacis
1765 2799 1892 2857 opus.

597 2875 624 2931 Ῑῖ
665 2859 757 2927 ἶὲἒῄ,
777 2871 791 2922 β
816 2869 884 2914 At
909 2856 1059 2912 Labor
1081 2856 1145 2924 est
1154 2862 1327 2926 major,
1350 2874 1434 2910 nec
1453 2861 1489 2909 ir
1511 2857 1577 2926 est
1588 2854 1857 2925 cujustibet,
1874 2860 1992 2922 Ejus

806 2933 950 2987 Μὶνᾶ
971 2927 1163 2997 nodosas
1183 2943 1290 2983 arte
1300 2927 1472 2996 ficbire
1490 2933 1616 2983 vias.

580 3006 685 3062 Ta
721 3008 820 3063 vr.
837 3017 980 3060 nnn
999 3016 1037 3058 A
1054 3017 1089 3057 N
1109 3015 1150 3056 D
1167 3013 1203 3056 ε
1239 3001 1377 3056 sm
1394 3014 1518 3066 Ex,
1537 3002 2231 3074 catareutonisorapotentem,

653 3084 1001 3156 Egregiumque
1024 3072 1155 3130 modo
1176 3078 1316 3129 novit
1338 3089 1534 3148 utroque
1560 3079 1716 3128 Virum
1731 3097 1750 3125 .-

582 3156 703 3207 Sive
726 3148 854 3206 dmi
874 3153 969 3223 quis
980 3149 1049 3218 fit
1068 3163 1219 3203 tecum
1234 3187 1247 3210 ,
1270 3162 1355 3202 aut
1378 3161 1463 3202 tua
1476 3147 1659 3222 scripta
1681 3147 1890 3211 volutet,

657 3233 789 3280 Mox
817 3229 890 3278 rei
913 3226 959 3277 is
980 3218 1111 3276 haud
1128 3219 1288 3276 dubiae
1310 3221 1443 3287 testis
1464 3234 1657 3296 apertus
1684 3223 1797 3272 erit.

586 3301 668 3351 Vin
689 3311 846 3351 tamen
868 3308 922 3348 ut
941 3293 1099 3350 ludam
1110 3307 1132 3347 ε
1156 3297 1207 3350 V
1225 3306 1269 3347 A
1284 3304 1319 3346 c
1338 3306 1382 3347 U
1398 3306 1444 3348 u
1457 3308 1507 3348 M
1536 3293 1650 3347 dum
1659 3289 1949 3360 fiafficienter

658 3369 761 3439 Effe
777 3365 976 3444 probas,
999 3378 1167 3424 Vacuus
1190 3387 1280 3422 uon
1304 3364 1447 3422 Liber
1467 3365 1566 3440 ipse
1586 3379 1696 3421 tuus
1716 3366 1739 3415 ,Ι

1297 3506 1395 3546 Hoc
1404 3503 1518 3546 brevi
1534 3503 1723 3547 Carmine
1732 3512 1813 3543 non
1826 3497 1946 3542 breve
1953 3495 2199 3555 gratitudinis
2215 3494 2292 3538 suae
2301 3522 2314 3543 ‚
2323 3503 2413 3539 ω

1355 3569 1438 3602 tem
1458 3556 1655 3601 duraturae
1672 3585 1687 3605 ,
1709 3554 1976 3599 testimonium
1999 3555 2160 3596 Fautori
2175 3551 2246 3595 suo
2273 3550 2410 3592 faven-

1361 3612 1524 3663 tiffimo,
1543 3627 1635 3658 cnm
1644 3610 2045 3667 oehdolongaevitatis
2057 3617 2158 3650 voto
2175 3604 2358 3662 deposuit

1511 3729 1926 3792 Jonannas
1969 3718 1999 3772 a
2035 3718 2460 3777 onnon,

1745 3806 2013 3879 Eq.Lufht.
