3068 4718
876 306 1004 362 Dr.
1076 309 1550 366 STELLIS
1625 312 1955 366 F1x1S.

2400 338 2497 386 243

365 404 656 462 milliarium
671 401 929 477 myriades
945 446 958 467 ‚
983 410 1036 461 in
1055 406 1405 464 remotiffimis
1454 406 1624 478 potest
1638 425 1745 482 quo
1767 408 2079 464 Immensum
2097 408 2388 482 impleatur.
2426 413 2501 463 Ut

364 496 557 555 nempe
569 477 714 535 istius
739 475 927 533 infiniti
952 476 1099 553 spatii
1136 479 1407 537 receffibus

364 551 496 607 nihil
528 554 750 606 omnino
762 547 839 607 fit.
867 571 914 605 2.
932 553 1129 610 Dicunt
1142 557 1403 627 Peripate-

364 630 454 682 tici
472 667 487 688 ,
501 639 561 680 ut
574 622 747 680 videre
760 623 834 680 est
848 623 991 699 apud
1003 628 1254 682 Ricciolum
1267 625 1350 681 lib.
1359 647 1387 691 9
1396 666 1407 678 .

362 696 483 753 se&
504 718 551 765 4.
573 714 681 770 cap.
707 718 788 764 29.
822 716 897 754 no
951 720 1027 764 19.
1061 698 1153 755 sol.
1186 707 1318 766 458,
1356 703 1410 751 Si

367 773 529 826 Tellus
581 786 859 826 moveretur
895 771 1154 840 secundum
1192 777 1408 847 Coperni-

364 862 504 898 canos
573 863 627 897 er
657 842 816 899 orbem
859 855 1076 898 Annuum
1099 885 1114 907 ,
1150 848 1263 916 estet
1284 886 1299 908 ,
1336 850 1409 898 in-

355 936 477 993 gens
507 915 643 970 ilud
669 924 884 991 Spatium
893 923 1025 971 inter
1062 926 1318 974 Saturnum
1347 919 1407 978 ξς

362 998 516 1045 Fixus
534 1033 548 1051 ‚
575 991 744 1044 Stellis
766 1011 967 1045 vacuum
994 992 1054 1052 ξς
1084 997 1270 1045 omnino
1296 996 1408 1044 otio·

351 1060 479 1132 sum.
519 1060 772 1133 Ejusmodi
799 1077 958 1117 autem
982 1069 1154 1140 ingens
1192 1073 1225 1117 S
1255 1069 1405 1118 atium

367 1145 554 1191 omnino
563 1138 979 1206 otioficmstatuere
992 1179 1005 1198 ‚
1032 1141 1119 1207 effe
1131 1081 1400 1206 absssrdum.

368 1211 426 1266 Si
450 1211 550 1265 hoc
583 1235 596 1264 ε
622 1210 934 1283 Sequeretur
957 1209 1104 1284 quod
1139 1209 1407 1264 infinitum

368 1283 494 1338 illud
507 1324 520 1344 ,
534 1298 678 1337 extra
688 1286 983 1356 ftcputatam
1007 1284 1264 1356 Sphaetam
1278 1283 1408 1336 Stel-

366 1358 520 1412 latam
542 1397 556 1417 ‚
569 1355 803 1428 Spatium
816 1396 831 1418 ,
858 1354 1076 1412 minime
1088 1353 1148 1411 fit
1161 1353 1401 1416 otiosum,

366 1429 896 1486 necStellisvacuum.

119 1520 270 1579 unna-s
302 1517 341 1555 a·
447 1526 488 1572 3.
526 1502 583 1558 Si
608 1503 739 1558 ultra
774 1501 942 1557 stellas
964 1504 1110 1558 Fixas
1133 1500 1259 1556 nihil
1297 1519 1404 1555 am-

114 1575 335 1671 ξζζρᾞζ
366 1575 501 1650 plius
526 1580 578 1630 in
595 1574 861 1631 infinitum
887 1575 987 1636 est,
1028 1580 1080 1629 δε
1101 1574 1198 1630 illae
1220 1591 1404 1630 omnes

366 1654 629 1724 pertinent
665 1648 731 1703 ad
783 1646 925 1704 hunc
964 1649 1230 1704 Mundum
1277 1645 1405 1703 sicut

271 1745 287 1754 ·
367 1727 724 1778 communiter
745 1719 831 1777 ille
864 1722 1201 1785 describitur3
1237 1722 1400 1795 sequi·

366 1811 469 1852 tur:
488 1795 727 1870 quodille
740 1796 919 1868 Spatio
933 1795 1031 1851 isto
1051 1794 1266 1850 Infinito
1281 1813 1407 1849 con-

366 1875 593 1926 tineatur
615 1886 676 1925 ut
701 1877 956 1930 Atomus‚
983 1875 1131 1940 cujus
1152 1873 1409 1944 quantitas

366 1942 512 1999 nulla
538 1986 552 2005 ‚
590 1949 739 2014 cujus
761 1943 908 1998 locus
943 1943 1116 1998 nullus
1135 1985 1148 2004 ‚
1185 1960 1284 1996 nec
1307 1940 1408 2002 hic,

366 2036 466 2073 nec
485 2015 582 2080 ibi,
603 2035 702 2071 nec
723 2013 858 2071 infra
881 2034 981 2071 nec
1003 2017 1147 2089 supra
1175 2038 1190 2078 ;
1214 2029 1406 2070 totum·

367 2109 470 2166 que
507 2093 743 2164 Spatium
781 2103 962 2162 praeter
999 2086 1104 2142 hoc
1152 2087 1405 2161 punitum

367 2161 470 2218 esse
503 2161 712 2218 Infinite
748 2180 969 2218 vacuum
1018 2160 1082 2216 ab
1126 2167 1276 2215 omni
1326 2178 1394 2215 re.

365 2237 533 2306 Qiod
564 2254 741 2292 tamen
766 2254 877 2290 non
899 2234 1214 2308 praesumunt
1237 2276 1250 2295 ,
1323 2239 1409 2289 uia

366 2315 716 2366 communiter
751 2311 882 2364 nibil
917 2307 1082 2364 solum
1106 2351 1119 2371 ,
1160 2306 1251 2363 sed
1329 2307 1409 2363 ata

368 2385 474 2439 unfi
494 2385 665 2459 aliqua
689 2402 773 2447 re,
794 2380 1255 2454 conje&urandum
1271 2421 1285 2442 ‚
1310 2378 1409 2436 effi:

371 2458 627 2528 ejusmodi
641 2455 843 2531 plures;
866 2475 926 2511 ac
939 2455 1059 2511 cum
1075 2460 1192 2510 Deo
1209 2454 1408 2510 bonum

371 2531 538 2586 visum
553 2529 712 2585 fuerit
739 2529 850 2589 hic,
878 2534 931 2583 in
955 2528 1208 2584 immenso
1231 2531 1410 2600 Spatio

148 2617 279 2659 Unicus

123 2670 279 2708 umatus

121 2719 256 2760 ullibi.

122 3413 297 3448 Domus

119 3458 255 3510 infinit>
264 3460 333 3497 in»-

120 3521 223 3563 perat

373 3565 428 3615 in
440 3556 650 3614 infinita
661 3554 745 3610 illa
756 3552 931 3626 abysso
944 3562 1038 3609 erit
1051 3562 1327 3628 imperium
1336 3599 1348 3610 .

122 3646 180 3680 Ex
209 3635 349 3682 infinita

121 3699 302 3730 creatura·

122 3755 203 3780 rum
227 3737 346 3778 multi-

122 3794 269 3833 tudine,
371 3795 641 3855 tatemque
684 3819 698 3839 ‚

124 3997 173 4044 ό·
181 3996 285 4033 W
295 4008 350 4032 “-

122 4048 244 4096 luteae.

373 4163 510 4201 unus
520 4164 581 4201 va
631 4164 664 4199 o
678 4153 802 4201 mari
817 4148 1104 4218 comparari
1118 4139 1293 4215 potest
1307 4182 1318 4200 ‚
1340 4138 1411 4195 fa-

372 4220 562 4292 cilique
601 4225 815 4290 negotio
835 4216 1008 4294 plures
1029 4232 1250 4271 numero
1277 4213 1412 4268 indi-

375 4299 479 4348 cari
491 4287 723 4366 poffunt,
750 4299 840 4365 qui
865 4290 1259 4363 illudimpleant
1281 4310 1296 4350 ;
1320 4287 1414 4341 Ast

372 4362 702 4421 Mundorum
753 4382 1000 4420 numerus
1038 4362 1255 4419 indicari
1302 4378 1410 4415 non

371 2599 472 2659 esse
496 2602 691 2678 aliquid
723 2601 876 2657 :alibi
901 2603 1032 2657 nihil
1058 2598 1159 2655 esse
1185 2643 1198 2662 ,
1221 2600 1413 2654 malum

303 2665 347 2712 ’β
372 2676 651 2733 videretur.
691 2673 1030 2749 Undefiquis
1048 2672 1416 2729 finem&limi-

370 2769 452 2806 tes
490 2751 571 2805 his
605 2748 779 2805 Stellis
814 2752 1185 2822 imaginatione
1220 2765 1417 2822 ponere

369 2824 523 2881 vellet
538 2865 552 2885 ‚
575 2821 1039 2896 comprehensione
1061 2821 1149 2876 sua
1174 2818 1313 2896 quafi
1340 2823 1414 2876 ul-

369 2913 448 2952 tra
469 2900 568 2952 Dei
583 2914 795 2952 manum
810 2939 822 2959 ,
836 2914 951 2970 quae
963 2910 1135 2950 tamen
1150 2913 1414 2970 nunquam

368 2970 664 3028 abbreviata
692 2967 795 3031 est,
824 2969 876 3024 se
899 2966 1208 3024 extenderet
1228 3011 1242 3031 ,
1269 2983 1414 3041 puta·

368 3061 552 3121 retque
572 3048 745 3098 Deum
771 3041 872 3097 effe
895 3042 1156 3115 alligatum
1184 3041 1307 3097 huic
1332 3041 1414 3097 vel

371 3118 446 3174 illi
474 3124 718 3177 termino,
753 3114 855 3173 five
881 3114 1004 3170 huic
1026 3115 1107 3173 vel
1128 3114 1203 3170 illi
1231 3133 1414 3169 nume·

372 3211 433 3246 ro
448 3233 461 3251 ‚
491 3191 620 3245 ultra
634 3208 791 3264 quem
820 3193 1261 3262 omnipotentiam
1274 3188 1414 3244 suam

373 3281 484 3319 non
524 3276 800 3318 exerceret.
860 3259 1001 3316 Cum
1036 3276 1215 3317 contra
1250 3270 1415 3336 magis

147 3355 309 3404 roffi-itus
373 3334 825 3394 concludendum,
861 3334 1006 3408 quod
1038 3334 1277 3390 Infinitus
1307 3339 1416 3388 Do-

224 3410 231 3417 ’
375 3416 551 3467 minus
576 3452 590 3470 ,
615 3405 819 3464 infinite
839 3412 1058 3481 imperet
1086 3406 1156 3462 :si
1180 3426 1306 3466 vero
1330 3427 1416 3463 ex-

375 3501 455 3541 tra
475 3482 655 3539 Stellas
682 3479 810 3536 nihil
833 3480 942 3544 est3
983 3482 1179 3536 nullum
1205 3501 1417 3557 quoque

443 3652 496 3700 4.
535 3631 662 3686 Non
712 3627 936 3683 dedecet
963 3670 976 3689 ,
1024 3627 1111 3683 sed
1149 3616 1440 3684 commen-⁸

373 3706 461 3762 dat
484 3704 715 3761 divinam
741 3700 1074 3772 Majestatem
1098 3743 1111 3763 ,
1154 3699 1413 3757 Immensi·

742 3791 1083 3831 creaturarum
1134 3775 1420 3848 pluralitas;

123 3949 181 3985 eia
203 3972 215 3988 ,
235 3944 349 3995 gloria
374 3923 731 4000 profunditate
758 3921 842 3980 vel
868 3921 1207 3997 amplitudine
1234 3927 1415 3977 unicus

375 3997 616 4054 Mundus
643 4040 656 4059 ,
692 4003 783 4073 qui
812 4013 985 4051 tamen
1011 4014 1130 4050 cum
1155 3994 1238 4049 illa
1261 4000 1413 4049 mini·

372 4071 460 4129 me
473 4089 591 4125 com
633 4071 887 4126 arandus?
910 4067 1187 4125 Pisciculus
1202 4066 1413 4141 quidem

1457 494 1630 534 autem
1660 483 1806 535 Deus
1831 497 2001 536 totum
2028 500 2167 536 mare
2189 500 2295 537 non
2310 486 2501 536 creavit

1459 566 1517 605 ut
1553 558 1737 607 unicus
1772 554 1955 629 aliquis
1987 561 2043 609 in
2069 573 2133 609 eo
2160 555 2305 629 piscis
2343 570 2501 612 natet.

1459 641 1557 678 nec
1583 639 1754 681 totum
1783 625 1922 682 hunc
1945 632 2114 682 aerem
2146 644 2202 682 ut
2231 647 2333 681 una
2357 632 2408 680 in
2434 643 2499 678 eo

1461 697 1661 753 avicula
1671 713 1758 754 aut
1772 700 1939 754 musca
1956 702 2141 755 volitet
2166 724 2180 764 ;
2202 704 2276 753 Ita
2288 717 2499 773 quoque

1462 769 1867 846 Omnipotentia
1900 777 1996 827 Dei
2027 773 2092 827 eo
2114 791 2195 827 ma
2234 778 2274 827 is
2298 770 2501 825 elucere

1464 841 1668 899 videtur
1690 851 1745 899 in
1772 847 2017 899 Pluritate
2043 791 2369 900 Muncfforum
2393 859 2499 898 tan-

1461 915 1513 968 ta
1525 922 1773 971 varietate
1785 917 2115 973 conditorum
2130 961 2143 980 ‚
2167 934 2225 973 ut
2239 917 2412 973 nullus
2427 918 2497 970 al·

1465 993 1560 1044 teri
1598 988 1707 1043 adae
1743 1008 1920 1051 uetur,
1959 1011 2047 1046 aut
2083 990 2256 1047 similis
2279 994 2499 1062 reperia-

1462 1080 1570 1122 tur,
1596 1061 1723 1117 seda
1773 1063 1944 1118 alioac
1958 1063 2057 1118 alio
2074 1105 2087 1125 ‚
2125 1065 2301 1120 multis
2326 1059 2495 1117 rerum

1462 1133 1690 1190 millibus
1704 1130 1920 1191 diflerat.
1938 1142 2016 1190 Ac
2030 1155 2087 1192 ut
2101 1138 2344 1190 omnibus
2359 1153 2496 1189 crea-

1462 1212 1591 1262 turis
1613 1209 1815 1263 constet
1827 1209 1931 1264 haec
1960 1212 2059 1263 Dei
2081 1209 2337 1270 InfinitaS,
2359 1208 2495 1263 vide·

1461 1297 1546 1335 tur
1565 1322 1578 1342 ,
1617 1286 1882 1355 ingentem
1922 1282 2068 1337 istam
2107 1280 2497 1337 multitudinem

1461 1353 1766 1424 Stellarum(
1781 1354 1847 1409 de
1871 1374 2088 1429 quarum
2118 1374 2334 1410 numero
2360 1373 2495 1407 mor·

1458 1426 1636 1480 talium
1661 1446 1852 1482 nemo:
1876 1447 1939 1483 an
1961 1427 2130 1485 decies
2145 1435 2325 1502 potius
2340 1445 2495 1500 quam

1458 1504 1654 1555 centies
1677 1500 1760 1555 vel
1799 1502 1982 1557 millies
2018 1507 2112 1556 διε.
2150 1500 2419 1558 millesimo
2447 1499 2497 1554 se

1458 1572 1605 1628 finiat
1622 1616 1635 1637 ,
1658 1572 1826 1629 dicere
1840 1574 2032 1649 potest)
2047 1574 2373 1630 clariffimum
2384 1574 2495 1646 Ty-

1456 1666 1582 1722 pum
1619 1643 1717 1701 efle
1739 1648 1999 1703 immensae
2034 1654 2287 1724 potentiae
2322 1650 2497 1720 magni

1459 1720 1595 1775 illius
1606 1720 1902 1776 Architesti.

1532 1791 1687 1847 Tales
1702 1799 1754 1848 &
1778 1792 2032 1865 ejusmodi
2056 1792 2240 1848 similes
2262 1799 2487 1849 rationes

1461 1885 1557 1939 pro
1586 1871 1637 1920 ὃ(
1659 1882 1840 1922 contra
1863 1865 2065 1941 poss‘ent
2091 1867 2278 1922 adduci
2302 1867 2494 1941 plures;

1458 1942 1489 2004 J
1491 1939 1719 1996 udicium
1734 1939 1795 1996 sit
1810 1958 1971 2014 penes
1992 1959 2113 1995 eum
2139 1947 2227 2014 qui
2252 1939 2493 1997 infallibi-

1464 2173 1556 2214 tec.
1575 2183 1614 2228 3.
1628 2178 1737 2214 non
1752 2157 1861 2213 haec
1885 2178 1981 2214 ceu
2004 2157 2340 2215 infallibiliter
2364 2177 2500 2225 vera,

1462 2248 1550 2287 aut
1587 2231 1951 2288 mathematice
1990 2232 2341 2288 demonstrata
2374 2250 2501 2306 pro-

1463 2303 1725 2367 feruntur,
1764 2307 1846 2364 vel
1881 2322 1940 2361 ut
1963 2307 2082 2363 lites
2102 2322 2254 2381 atque
2287 2322 2501 2361 conten-

1466 2385 1638 2435 tiones
1653 2378 1720 2435 de
1735 2379 1831 2436 hac
1842 2381 1923 2438 vel
1935 2382 2023 2436 illa
2047 2379 2300 2435 sententia
2313 2398 2503 2453 propu-

1465 2453 1671 2528 gnanda
1708 2472 1826 2509 cum
1867 2453 2038 2528 aliquo
2061 2454 2220 2508 serere
2243 2459 2294 2508 δε
2330 2452 2503 2525 prose·

1469 2533 1557 2601 qui
1598 2530 1815 2583 velimus
1838 2552 1852 2580 ι
1890 2528 1977 2582 sed
2010 2527 2182 2582 saltem
2206 2544 2266 2582 ut
2297 2525 2502 2582 Mathe-

1470 2606 1771 2655 maticarum
1794 2599 2117 2654 scientiarum
2143 2601 2387 2654 CultOtes
2414 2605 2503 2673 qui

1473 2672 1600 2728 ultra
1650 2673 1908 2748 vulgarem
1958 2670 2346 2726 Astronomiam
2373 2712 2387 2734 ,
2428 2691 2505 2726 re-

1469 2744 2007 2820 conditioraquaedam
2031 2745 2254 2817 sapiunt,
2294 2750 2348 2797 in
2387 2761 2507 2816 pro-

1470 2816 1647 2874 fundae
1682 2817 2041 2893 speculationis
2079 2815 2237 2889 adyta
2271 2816 2506 2873 introdu-

1470 2909 1665 2949 cantur.

1544 2970 1747 3022 Interea
1783 2982 1944 3020 nemo
1977 2965 2210 3040 negabit:
2246 2962 2420 3018 Stellas
2447 2969 2504 3018 in
2529 2982 2722 3031 exclusum

1472 3040 1637 3097 Sacris
1686 3043 1785 3094 Lit.
1832 3045 2003 3093 vocari
2057 3043 2156 3094 Dei
2197 3041 2504 3099 exercitum3
2528 3037 2717 3122 ‘15:530'-

1473 3119 1523 3168 &
1535 3112 1828 3189 Expansum
1859 3111 2171 3166 Immensum
2186 3110 2251 3166 ad
2263 3109 2418 3164 castra
2432 3115 2505 3164 in-

1472 3186 1632 3243 finitae
1655 3185 1870 3242 coelestis
1895 3184 2093 3240 militiae
2130 3181 2493 3239 distribuenda,

1472 3276 1667 3335 aptum,
1682 3269 1925 3331 Deumque
1950 3259 2086 3312 illum
2114 3259 2162 3313 Z
2178 3273 2206 3311 Ε
2226 3273 2256 3311 Β
2273 3269 2314 3309 Α
2330 3270 2369 3310 O
2386 3270 2427 3310 T
2441 3269 2505 3317 H,

1469 3332 1534 3388 id
1539 3335 1604 3399 cll
1623 3339 1875 3386 Dominum
1903 3338 2213 3385 Exercituum
2237 3332 2323 3400 effe
2337 3372 2350 3391 ‚
2372 3337 2506 3397 cujus

1469 3406 1619 3462 verbo
1637 3410 1751 3460 Coeli
1759 3406 2001 3482 fallifient
2017 3407 2076 3466 ξς
2088 3410 2237 3458 omnis
2251 3409 2506 3458 Exercitus

1470 3501 1630 3535 eorum
1644 3521 1657 3541 ,
1682 3477 1808 3534 Psal.
1830 3501 1904 3547 33.
1923 3498 1971 3535 v.
1991 3491 2045 3532 6.

1469 3648 1556 3701 que
1592 3631 1847 3681 Exercitui
1895 3645 2055 3678 eorum
2101 3621 2189 3675 dat

1471 3700 1595 3756 Esai.
1610 3719 1702 3773 45.
1720 3719 1769 3755 v.
1788 3721 1809 3752 1
1822 3720 1869 3750 2.

1542 3784 1704 3827 Coram
1741 3792 1828 3844 quo
1851 3789 2007 3824 omnes
2027 3783 2198 3845 gentes
2222 3768 2355 3822 velut
2380 3768 2510 3820 nihil
2526 3756 2548 3792 '³
2578 3783 2586 3791 ·

124 3844 334 3930 o‘ff‘m'ss·
375 3852 525 3927 Qid
551 3856 690 3908 enim
715 3855 768 3905 in
793 3847 997 3903 infinita
1026 3846 1417 3905 Altitudineseu
1457 3850 1577 3917 firnt
1604 3849 1664 3908 ξος
1682 3853 1839 3899 minus
1859 3843 2010 3897 nihilo
2037 3845 2345 3904 &inanitate
2367 3855 2501 3913 repu-

1469 3934 1652 3975 tantur.
1688 3924 1772 3972 Cui
1787 3919 1901 3994 erge>
1912 3914 2211 3987 afflmt'labitis
2238 3914 2500 4037 Deumsor·

1467 4010 1563 4048 tem
1578 3995 1638 4053 ξς
1650 4012 1788 4064 quam
1797 3990 2158 4055 fimilitudinem
2171 4004 2382 4062 compara

1467 4293 1573 4358 quis
1597 4289 1782 4338 creavit
1802 4282 1890 4350 ista
1913 4305 1931 4341 ‚·
1968 4285 2051 4351 qui
2060 4277 2286 4353 producit
2311 4294 2499 4329 numero

1904 4423 2079 4479 th

2543 1929 2725 1979 Judicium

1461 2012 1565 2067 lem
1578 2020 1847 2069 veritatem
1859 2012 2089 2069 attulerit
2103 2056 2115 2074 ‚
2140 2033 2254 2067 eam
2278 2013 2496 2067 libenter
2514 1978 2709 2069 aggrega

1461 2084 1769 2160 ampleeian
1805 2104 1926 2140 nam
1961 2092 2109 2156 juxta
2134 2084 2268 2140 dffiia
2292 2103 2391 2161 cap.
2414 2107 2497 2140 an·
2519 2081 2715 2175 ζζωξξῗ·

2529 3505 2624 3537 Deus
2637 3503 2746 3536 Exer-

1545 3559 1642 3628 Qui
1654 3551 1869 3606 manibus
1870 3553 1968 3619 suis
1982 3549 2205 3620 extenfis,
2221 3551 2343 3603 coelts
2359 3552 2505 3601 omni·
2528 3554 2613 3588 cirus·
2623 3552 2686 3587 dat

2233 3632 2473 3694 Praecepta
2486 3643 2503 3672 .·
2524 3611 2748 3700 {2223fo-

2526 3714 2575 3761 tes
2591 3704 2675 3751 sunt
2689 3715 2747 3740 m·

2552 3813 2644 3843 Deus
2659 3802 2745 3840 nulls·

2525 3855 2701 3905 affimi'lan'

2426 3990 2435 3998 .
2469 3989 2478 3997 .
2523 3907 2739 4005 Ρῖἵῆὂίὶηκ

2415 4006 2435 4036 Ῑ
2436 3999 2457 4037 t
2459 4005 2478 4036 ¹
2480 4003 2503 4037 5
2523 4011 2601 4057 sunt
2613 4011 2698 4047 oculi

1468 4074 1514 4121 ei
1526 4080 1548 4120 .>
1587 4070 1683 4138 Qi
1680 4062 1822 4132 sedet
1819 4067 1968 4134 ficper
1980 4061 2138 4115 orbem
2150 4065 2199 4113 T
2188 4078 2325 4120 errae,
2344 4060 2402 4119 ὦ
2418 4060 2500 4110 ha·
2524 4061 2744 4149 22¹2}ss-

1467 4139 1702 4194 bitatores
1725 4145 1832 4208 ejus
1847 4140 1967 4205 sunt
1978 4134 2306 4207 quafilocustae.
2346 4131 2501 4183 Attol-
2521 4166 2629 4200 cmm,
2642 4167 2718 4199 ω-

1467 4217 1557 4268 lite
1576 4219 1627 4266 in
1636 4208 1846 4279 stcblime
1869 4209 2021 4262 oculos
2044 4209 2225 4270 vestros
2254 4207 2313 4266 ἶς’
2329 4203 2498 4258 videte
2518 4217 2714 4303 &ormaza

1468 4364 1731 4413 exercitum
1744 4375 1902 4410 eorum
1918 4395 1930 4416 ,
1963 4356 2021 4412 C&
2048 4371 2202 4406 omnes
2226 4371 2291 4406 ex
2316 4354 2499 4404 nomine
2516 4313 2713 4425 522«st

2416 4441 2501 4475 vo.
2519 4425 2673 4467 imporat.
