3068 4718
770 307 2091 419 PRAEFATIO

388 589 510 735 L
645 586 766 741 E
892 593 1029 739 C
1172 476 1601 738 ‘ffb
1732 589 1876 734 R
2009 588 2125 741 E
2253 594 2494 739 Μ.

415 912 420 917 ,
446 872 482 921 f
651 878 676 948 ss
813 866 1011 931 x-g,
1045 851 1217 912 Atura
1254 847 1589 932 Contemplatio
1616 892 1635 924 ‚
1662 843 1798 909 teste
1822 848 1882 911 B.
1899 844 2099 910 Basilio
2116 890 2135 920 ,
2165 847 2234 935 est
2258 850 2495 932 Volupta-

638 955 640 958 ·
678 956 685 970 κ
717 890 885 1088 a

881 932 990 976 ,ΓΡ

764 1099 856 1195 ἐξ
941 1098 998 1194 ᾗ
1045 1117 1310 1181 ciliabulum
1338 1162 1357 1190 ‚
1397 1119 1707 1206 humanaque
1739 1117 1996 1204 felicitatis
2009 1119 2267 1212 fastigium
2297 1149 2317 1199 3
2362 1121 2497 1208 quod

726 1281 733 1288 ⁷
834 1210 851 1222 ”
938 1176 1000 1356 ἦ
1044 1213 1288 1298 attingens
1311 1214 1470 1272 anima
1490 1211 1684 1297 &gravi
1706 1208 2107 1297 velutificscitata
2131 1227 2331 1275 veterno
2364 1257 2381 1288 ‚
2421 1213 2495 1274 lus

548 1382 555 1390 Ι
589 1308 649 1384 ‘'3ss
796 1302 845 1368 '‘u,
938 1257 993 1386 l?
1040 1298 1199 1388 cisque
1221 1305 1451 1387 regionem
1476 1300 1686 1388 ingressa
1704 1350 1723 1381 ‚
1732 1305 1897 1389 suique
1916 1298 2063 1364 oblita
2086 1347 2104 1378 ,
2124 1325 2217 1365 non
2237 1320 2341 1363 tam
2360 1302 2493 1366 coele·

668 1398 700 1428 ὡ
1001 1397 1015 1410 .

1039 1505 1092 1545 re
1116 1483 1334 1546 videtur.

473 1578 691 1641 Verum
704 1574 896 1663 itaque
910 1571 989 1639 est
999 1573 1227 1666 vulgare
1235 1570 1378 1640 illud
1390 1572 1663 1639 distichon
1679 1599 1695 1637 ε

755 1717 967 1801 Propria
987 1717 1039 1799 fi
1055 1741 1217 1781 rerum
1245 1718 1488 1780 Mortalia
1509 1720 1706 1802 pefiora
1727 1715 1934 1802 noffint,

834 1813 1098 1892 Imperium
1126 1805 1363 1894 &fasces
1385 1811 1456 1871 nil
1472 1807 1565 1883 nili
1582 1809 1710 1870 buna
1720 1807 1914 1895 forent.

479 1938 549 1998 In
562 1930 887 2019 hujusmodi
909 1951 1097 1996 autem
1125 1933 1360 1995 scientiis
1372 1932 1716 1996 naturalibus
1735 1982 1753 2009 ‚
1784 1955 1866 1993 ars
1889 1935 2130 1995 oratoria
2147 1981 2165 2011 ,
2191 1931 2280 1996 vel
2300 1931 2496 1996 verbo,

390 2047 515 2089 rum
530 2022 802 2112 elegantia
818 2073 835 2100 ,
864 2043 961 2085 aut
971 2024 1137 2086 acute
1163 2022 1478 2108 disputandi
1506 2045 1683 2110 genus
1704 2016 1844 2084 nihil
1869 2020 2060 2086 efficit.
2106 2022 2256 2087 Nam
2281 2022 2345 2086 ibi
2368 2024 2495 2089 mille

386 2113 728 2200 Demosthenes
742 2159 761 2192 ,
783 2115 909 2177 mille
940 2113 1216 2195 Aristoteles
1227 2157 1249 2186 ,
1285 2113 1373 2176 vel
1392 2111 1424 2175 a*
1448 2112 1692 2176 mediocris
1703 2115 1876 2202 ingenii
1894 2112 2075 2176 homine
2095 2120 2229 2177 unico
2252 2163 2272 2193 ,
2304 2119 2496 2202 quime-

385 2203 490 2269 liori
509 2203 677 2288 forma
703 2220 877 2267 verum
905 2206 1158 2289 amplexus
1182 2205 1279 2293 est,
1295 2203 1674 2288 prosternuntur.
1734 2210 1876 2292 Ergo
1903 2204 2193 2268 removenda
2218 2205 2332 2268 talis
2354 2205 2495 2290 spes.-

385 2300 639 2360 mentum
664 2299 725 2359 iri
756 2295 966 2360 homines
994 2295 1216 2360 do8iores
1243 2299 1302 2360 ΕΦ·
1326 2298 1573 2360 αιιὲἶονιιηι
1597 2296 1790 2360 lebitone
1812 2297 2060 2381 multiplici
2102 2296 2234 2361 nobis
2260 2303 2499 2362 exercita»

386 2390 533 2453 tiores
558 2433 577 2466 ,
603 2392 686 2474 qui
716 2390 766 2450 in
791 2388 943 2473 ipsius
968 2408 1157 2452 naturae
1178 2390 1509 2451 contumeliam
1543 2435 1562 2469 ‚
1601 2386 1787 2477 efficere
1812 2404 1940 2453 vera
1960 2390 2154 2475 poffunt
2177 2431 2197 2461 ‚
2240 2412 2347 2474 quae
2354 2387 2499 2476 falsa

381 2479 507 2561 fiant
530 2527 546 2556 ,
569 2472 813 2541 Gilihin
829 2477 1260 2563 Dial.Cosm.p.
1278 2501 1375 2565 35.

480 2567 667 2643 Qod
677 2569 871 2654 itaque
885 2569 1243 2655 experientia
1269 2569 1358 2633 vel
1388 2568 1537 2632 sensu
1564 2567 2000 2646 demonstratur,
2024 2572 2184 2633 omni
2210 2571 2500 2636 ratiocina-

389 2661 535 2723 tioni
553 2662 916 2746 quantumvis
929 2658 1205 2747 probabili
1217 2659 1542 2746 acspeciosae
1555 2708 1570 2737 ,
1594 2661 2057 2746 anteponendum
2075 2659 2182 2724 est:
2207 2684 2339 2725 cum
2355 2660 2498 2725 mul-

390 2768 449 2815 ta
471 2753 530 2814 in
544 2747 925 2836 speculatione
950 2769 1046 2814 aut
1069 2749 1476 2836 disputatione,
1502 2775 1630 2816 vera
1657 2752 1951 2815 videantur
1966 2798 1984 2830 ‚
2007 2775 2132 2838 quae
2157 2770 2348 2816 tamen
2373 2749 2498 2816 nul-

390 2839 510 2905 lum
537 2839 801 2906 effecium
816 2845 872 2905 in
887 2844 1047 2930 praxi
1065 2842 1386 2906 exhibeant.

484 2936 640 2999 Hinc
650 2950 854 3018 apparet
877 2979 895 3012 ,
920 2933 1068 3019 quam
1091 2938 1241 2997 omnis
1262 2931 1563 3019 Philosophia
1578 2980 1594 3008 ‚
1615 2932 1707 3018 nili
1728 2935 2064 3020 experimentis
2081 2931 2317 3015 fulciatur
2333 2984 2352 3014 ‚
2400 2951 2500 2998 va-

390 3047 485 3103 na,
502 3022 681 3107 fallax
694 3071 712 3103 ‚
748 3027 807 3087 ὅ
832 3026 1011 3087 inutilis
1022 3024 1122 3103 fit‚·
1148 3045 1332 3113 quanta
1345 3074 1362 3105 ‚
1386 3032 1591 3090 maximi
1615 3031 1899 3113 caeteroquin
1932 3072 1951 3103 ‚
1980 3027 2038 3087 ξς
2053 3025 2352 3114 subtiltffimi
2370 3030 2498 3114 inge-

390 3120 457 3179 nii
476 3114 749 3200 Philosophi
769 3115 881 3202 fine
905 3117 1198 3199 experientia
1218 3161 1236 3189 ,
1284 3118 1490 3204 monstra
1511 3117 1559 3181 in
1587 3116 1893 3202 Philosophia
1921 3120 2116 3201 pariant
2141 3142 2157 3179 .·
2205 3118 2326 3180 Sola
2349 3121 2498 3208 igitur

393 3204 642 3268 dubiorum
666 3211 874 3268 omnium
903 3206 1182 3293 diffiilutrix
1202 3208 1270 3293 est
1299 3212 1592 3292 experientia
1621 3257 1641 3289 ,
1660 3205 2009 3297 difficultatum
2033 3209 2336 3272 conciliatrix
2351 3257 2369 3288 ,
2397 3214 2499 3273 uni-

393 3320 452 3360 ca
490 3300 730 3362 Veritatis
752 3298 1014 3383 magistra,
1023 3297 1189 3382 facem
1214 3303 1263 3362 in
1290 3299 1491 3387 obscuris
1504 3301 1741 3387 praefert,
1765 3302 1989 3387 nodifique
1995 3297 2174 3385 solutis
2198 3349 2217 3379 ‚
2254 3304 2320 3365 V
2308 3323 2418 3366 erat
2430 3324 2507 3364 re-

391 3411 505 3452 rum
528 3391 700 3471 causas
724 3389 963 3476 assignare
986 3390 1135 3455 docet.
1180 3392 1483 3457 Kircherus
1509 3394 1569 3456 in
1594 3399 1738 3457 Arte
1761 3397 2018 3483 Magnet.
2038 3414 2168 3482 pag.
2190 3411 2329 3479 570.

295 3490 299 3494 ’
487 3478 668 3546 Unde
694 3479 1016 3566 Philosophi
1038 3481 1158 3545 lolis
1171 3486 1433 3574 cogitatis
1460 3482 1549 3547 vel
1573 3487 1911 3573 argumentis
1927 3482 2030 3547 suis
2059 3480 2397 3559 insistenteS,
2421 3503 2504 3544 re-

390 3567 757 3659 pudiatisque
770 3574 1126 3660 experientiis
1142 3621 1159 3653 ,
1178 3577 1318 3640 nihil
1333 3574 1490 3640 solidi
1503 3577 1643 3640 circa
1659 3575 1965 3641 naturalem
1994 3576 2209 3637 Mundi
2231 3570 2505 3637 constitu-

392 3663 613 3727 tionem
640 3662 984 3729 concludere
1012 3667 1273 3750 pofl'unt3
1309 3689 1618 3755 conceptus
1652 3672 1805 3733 enim
1832 3667 2131 3732 hominum
2161 3661 2264 3729 nisi
2284 3666 2503 3751 experi-

393 3755 600 3819 mentis
612 3757 822 3821 nitatur
834 3807 855 3838 ‚
877 3774 1038 3821 tanto
1048 3754 1184 3845 saepe
1196 3756 1624 3825 numeroavero
1636 3759 1852 3825 aberrat
1864 3757 2118 3848 longiu8‚
2149 3778 2366 3845 quanto
2403 3759 2504 3819 So-

395 3841 508 3908 lem
525 3844 558 3909 a
570 3849 748 3914 Terra
759 3847 982 3940 longius
1001 3845 1197 3916 distare
1219 3853 1485 3919 videmus.

488 3941 674 4012 Qod
698 3942 872 4007 etiam
897 3943 1217 4028 nuperrime
1245 3947 1476 4035 agnovit
1505 3943 1753 4011 Gilhertus
1781 3937 1959 4028 [lerck
1997 3947 2045 4006 in
2073 3939 2372 4026 Praefhtione
2396 3937 2505 4002 libri

380 4026 500 4114 sui,
521 4027 578 4090 de
605 4031 909 4098 Plenitudine
930 4032 1152 4107 Mundi,
1175 4036 1312 4100 dum
1336 4035 1551 4101 scribit:

493 4120 798 4207 Philosophia
819 4126 1058 4191 naturalis
1093 4143 1200 4189 tota
1227 4129 1335 4210 fere
1359 4132 1470 4192 olim
1498 4127 1705 4214 constitit
1726 4151 1795 4190 ex
1813 4129 2004 4190 incertis
2037 4127 2095 4187 Εὖ
2119 4121 2371 4184 admodum
2415 4121 2507 4183 dus

401 4211 489 4275 biis
517 4216 849 4303 controversiis
863 4214 985 4303 (fieb
1005 4221 1137 4282 inani
1148 4216 1547 4306 sesquipedalium
1578 4217 1830 4282 verborum
1849 4214 2005 4300 specie
2031 4213 2062 4292 )
2086 4213 2159 4276 ad
2178 4231 2316 4279 veros
2340 4212 2507 4277 ‘Philo‘

385 4300 566 4387 sophos
592 4306 795 4396 aliosque
822 4307 1074 4376 eludendos
1078 4314 1237 4395 potius
1257 4331 1402 4397 quam
1422 4309 2045 4438 instruendos*comparatis.
2348 4394 2452 4461 'H-

1645 4403 1679 4439 *
2435 4416 2510 4457 inc
