3068 4718
188 744 357 782 tiz-m

286 823 293 831 ·
402 815 484 857 ter
519 817 727 861 motum
767 806 1010 861 diurnum
1062 807 1210 884 (quo
1261 806 1445 861 dietim
1500 823 1587 860 me
1607 828 1798 872 25000,
1825 828 1861 862 u
1920 825 2010 866 uta
2033 829 2195 865 unum
2220 809 2438 886 gradum
2458 818 2535 867 in·

917 274 1032 330 Dii.
1086 279 1642 333 SYsTEMA'rE
1694 278 2040 336 Monoi.
2512 298 2543 342 5

407 363 517 426 lein.
526 362 818 440 plenilunio
831 375 1006 423 tamen
1021 365 1292 429 duntaxat.
1312 365 1452 426 fimi-
1473 366 1480 377 '
1509 386 1677 424 maeum
1688 375 1961 427 circuitum
1972 391 2135 429 unum
2150 415 2163 435 ,
2182 373 2273 430 nifi
2295 380 2430 431 intra
2450 393 2534 433 an·

403 436 628 512 literque
665 456 781 495 eam
807 435 1010 513 digredi
1030 439 1314 517 aliquando
1341 453 1449 498 tam
1506 458 1699 498 norum
1716 456 1903 513 36000,
1929 445 2138 519 (utputa
2156 467 2318 504 unum
2328 463 2532 505 tantum

404 513 460 563 in
471 510 722 567 Austrum
737 553 750 572 .
768 511 931 586 quam
954 519 1009 569 in
1033 515 1254 570 Boream
1270 554 1285 577 ,
1309 531 1450 569 nunc
1503 514 1721 587 gradum
1746 520 1882 573 intra
1900 535 2069 574 annos
2097 540 2194 573 100
2228 521 2530 578 conficiens}

404 582 650 640 nonnihil
673 602 759 640 nia
798 591 839 642 's
857 625 873 647 ‚
909 603 1051 643 nunc
1086 585 1328 642 nonnihil
1351 592 1447 643 mi·
1505 587 1703 644 tametsi
1706 591 2167 666 juxtaAlphonfinos
2191 592 2437 650 statuatur
2459 601 2513 649 in

403 656 760 730 nusquamso
782 676 894 723 em.
932 663 1027 715 &c-

1502 673 1583 715 tra
1617 680 1827 729 49000:
1868 670 2021 734 juxta
2055 671 2355 720 Recentiores
2408 668 2533 723 vero

478 727 635 785 Circa
647 738 793 788 fixas
813 731 1037 806 denique
1060 747 1309 789 notarunt
1320 750 1444 807 prae-
1501 749 1746 819 peragere
1759 741 1937 809 potius
1948 741 2082 792 intra
2090 756 2346 793 annorum
2360 745 2535 812 proxi·

403 873 575 934 stellas
597 876 663 934 ab
679 893 797 934 ortu
811 882 863 931 in
877 875 1116 933 occasum
1146 879 1290 936 volvi
1301 879 1439 937 vide-

402 950 549 1037 runt)
558 949 671 1006 illas
682 968 790 1007 non
802 964 985 1006 tenere
1001 950 1203 1027 semper
1212 951 1442 1008 eandem

401 1022 1444 1171 ieffifflqffligffiffifflffl:

402 1167 671 1243 sequentia
694 1210 708 1230 ‚
747 1174 800 1224 &
820 1170 904 1239 (ut
931 1170 1093 1226 visum
1118 1170 1335 1247 quidem
1351 1171 1442 1228 ali·

402 1240 590 1315 quibus
634 1241 733 1312 est)
778 1246 1099 1320 inaequaliter
1127 1287 1142 1307 ,
1184 1244 1290 1300 hoc
1338 1246 1442 1309 est,

401 1333 543 1370 nunc
560 1314 768 1389 segnius
788 1358 802 1378 ‚
837 1335 981 1373 nunc
999 1320 1228 1373 velocius
1252 1343 1268 1384 ;
1303 1318 1441 1375 Nam

401 1387 608 1462 Spicam
630 1392 885 1464 Virginis,
905 1389 1053 1445 verbi
1070 1395 1209 1458 canisii
1235 1434 1249 1454 ,
1283 1412 1439 1468 quam

398 1465 701 1517 Timochares
722 1481 831 1519 non
858 1462 1021 1541 longe
1042 1464 1107 1520 ab
1142 1464 1292 1521 obitu
1315 1466 1442 1522 Ale-

400 1533 587 1591 xandri
599 1538 679 1590 M.
696 1536 988 1596 observavit
997 1538 1289 1613 praecedere
1305 1558 1441 1615 pun-

400 1608 543 1664 &um
590 1612 890 1686 aequinoctii
933 1616 1270 1671 Autumnalis
1316 1613 1441 1670 οᾶο

399 1679 643 1757 gradibus
666 1726 680 1747 ‚
716 1685 1041 1744 observatam
1065 1685 1169 1744 eise
1195 1708 1295 1741 200
1323 1687 1443 1761 post

399 1760 552 1813 annis
576 1757 642 1813 ab
665 1762 934 1834 Hipparcho
960 1801 974 1823 ,
1010 1758 1305 1832 praecedere
1330 1775 1445 1815 tan-

400 1844 516 1885 tum
546 1829 677 1895 sex;
712 1836 780 1888 Et
818 1845 923 1887 260
943 1831 1064 1906 post
1102 1832 1134 1887 a
1154 1833 1443 1896 Ptolemaeo,

401 1921 516 1958 non
537 1903 708 1959 multo
732 1907 955 1978 amplius
978 1904 1222 1979 gradibus
1246 1904 1412 1960 tribus
1426 1929 1440 1958 ε

399 1974 506 2031 hoc
540 1992 716 2032 autem
752 1994 995 2049 tempore
1019 1971 1110 2030 seu
1130 1981 1281 2030 annis
1306 1995 1441 2040 1500

395 2049 547 2176 {1⁸2¹ss
561 2046 1439 2197 ἕιῗξὲἱζῗὲἕέῑῖἶῗῖἳὲξέῗῒ

392 2199 572 2271 Atque
594 2193 664 2250 sic
690 2194 836 2251 stella
854 2196 1029 2252 Prima
1050 2199 1249 2251 Arietis
1275 2237 1290 2257 ‚
1323 2213 1441 2270 quae

393 2267 733 2326 Timocharis
753 2283 1003 2342 tempore
1031 2266 1248 2324 distabat
1266 2267 1439 2325 solum

394 2341 462 2398 ab
481 2343 799 2420 aequinostio
820 2346 1010 2398 Verrio
1030 2340 1240 2399 duobus
1272 2340 1443 2418 gradi-

395 2417 496 2474 bus
508 2457 523 2478 ,
551 2413 974 2492 depraehendimr
987 2421 1100 2486 jam
1113 2415 1297 2472 distare
1311 2415 1446 2472 ultra

145 2499 379 2600 ZQ
399 2489 590 2566 gradus
604 2513 668 2556 29
681 2514 696 2553 3
707 2490 853 2544 unde
863 2494 1220 2544 communiter
1232 2490 1320 2543 hic
1333 2507 1444 2545 mo·

144 2613 239 2640 m.

400 2581 487 2621 tus
510 2562 745 2634 Praecefflo
770 2563 1165 2635 AEquiuotliorum
1179 2577 1412 2620 vocatur.

478 2642 545 2694 Et
554 2646 677 2727 quia
691 2634 778 2693 hic
791 2650 973 2724 motus
991 2633 1106 2724 (tali
1118 2634 1310 2725 modo)
1334 2634 1446 2724 len·

402 2711 590 2769 tiffime
611 2710 766 2785 super
788 2709 931 2764 Polis
961 2710 1224 2783 Eclipticae
1246 2726 1446 2784 peragi-

1500 893 1656 942 tra70
1679 899 1884 937 annosa
1922 883 2137 940 solvens.

1571 954 1866 1028 Haecigitur
1876 958 1969 1025 (ne
1981 953 2323 1026 dicamusjam
2340 955 2407 1011 de
2429 975 2536 1011 mo·
2558 969 2675 1024 &otus
2697 969 2780 1023 Tre-

1499 1038 1558 1079 tu
1582 1027 1940 1101 Trepidationis
1963 1026 2067 1085 sive
2091 1026 2334 1084 Acceffus
2355 1034 2405 1083 &
2429 1030 2536 1085 Re·
2557 1016 2753 1066 P¹⁴⁰''⁰'¹'‘·

1501 1095 1664 1154 ceffus
1675 1140 1688 1161 ,
1709 1098 1799 1155 seu
1811 1098 2091 1156 librationis
2104 1143 2117 1162 ,
2141 1106 2231 1176 qui
2246 1120 2313 1156 ex
2325 1122 2427 1157 ano
2433 1122 2537 1160 ma-

1500 1169 1571 1226 lia
1590 1171 1815 1246 quadani
1839 1173 2182 1246 praeceffionis
2200 1175 2537 1249 aequinofflo·

1503 1263 1619 1299 rum
1646 1260 1791 1302 ortus
1814 1245 1891 1301 est
1910 1288 1923 1309 ,
1967 1246 2092 1302 dum
2116 1252 2371 1304 terminus
2382 1247 2491 1322 ipse
2507 1251 2536 1304 a

1538 1335 1611 1372 uo
1635 1317 1989 1394 longitudines
2008 1320 2240 1375 coelestes
2276 1328 2538 1378 numerari

1501 1338 1670 1447 llolem
1692 1434 1706 1454 ,
1741 1410 1937 1467 nempe
1960 1395 2213 1467 pundtum
2242 1396 2538 1468 aequinoffii

1502 1469 1669 1522 Verni
1691 1507 1705 1527 ‚
1741 1470 1970 1522 incertus
1996 1507 2010 1529 ‚
2043 1471 2095 1521 &
2135 1485 2275 1522 nunc
2303 1467 2540 1526 velocius

1500 1558 1645 1595 nunc
1679 1537 1897 1611 tardius)
1923 1544 1975 1594 &
2000 1539 2055 1595 id
2076 1559 2242 1615 genus
2260 1539 2387 1603 alia,
2422 1561 2539 1618 quae

1501 1611 1776 1689 quomodo
1799 1613 1913 1669 fieri
1948 1610 2177 1687 possent,
2214 1631 2542 1689 apparerent-

1505 1705 1572 1743 ve
1587 1728 1602 1748 ‚
1614 1702 1675 1741 ut
1687 1689 2067 1760 explicarentur
2082 1729 2096 1751 ,
2108 1692 2237 1744 varii
2249 1693 2387 1744 varia
2400 1707 2539 1744 com-

1505 1764 1672 1817 menti
1683 1758 1820 1815 sunt.
1853 1758 2233 1816 Communiter
2255 1753 2537 1836 supposue-

1503 1846 1627 1886 runt
1637 1837 1979 1909 Antiquiores
1993 1857 2005 1886 :
2028 1831 2238 1887 Etiamsi
2249 1834 2403 1891 nobis
2416 1836 2537 1890 Coe-

1499 1903 1657 1958 lestes
1680 1920 1856 1959 motus
1874 1945 1890 1965 ,
1926 1910 2026 1957 inae
2063 1906 2541 1978 ualesirregulares·

1500 1993 1606 2046 que
1629 1991 1937 2047 appareant,
1964 1924 2155 2030 degere
2179 1991 2359 2031 tamen
2371 1998 2539 2054 aequa-

1498 2045 1630 2101 biles
1650 2046 2010 2122 regularesque
2037 2048 2320 2105 secundum
2345 2050 2397 2106 se
2422 2049 2537 2115 effe,

1499 2138 1673 2196 neque
1710 2125 1851 2176 enim
1889 2117 2280 2178 difformitatem
2313 2126 2539 2201 aliquam

1499 2209 1805 2269 competere
1823 2191 1972 2269 poffe
1994 2194 2299 2270 corporibus
2326 2198 2541 2254 coelesti·

1499 2267 1622 2331 bus,
1643 2266 2054 2332 immortalibus,
2081 2270 2351 2343 putabant.
2389 2272 2538 2349 Qa-

1501 2362 1557 2399 re
1575 2339 1854 2418 quaefivere
1877 2384 1891 2405 ,
1928 2343 2210 2419 quomodo
2246 2361 2343 2418 per
2364 2361 2543 2403 motus

1502 2415 1773 2471 circulares
1805 2435 1865 2472 ac
1900 2415 2124 2492 :equales
2143 2417 2322 2474 salvari
2347 2418 2427 2474 hae
2450 2436 2543 2494 ap-

1504 2494 1749 2564 parentiae
1783 2488 1990 2563 possent
2014 2528 2031 2554 ,
2068 2489 2153 2546 vel
2189 2510 2256 2547 ex
2276 2491 2540 2567 supposita

1506 2567 1684 2637 quiete
1719 2563 1898 2617 Terrae
1922 2604 1936 2623 ‚
1974 2562 2059 2621 vel
2092 2562 2360 2637 supposito
2395 2565 2543 2622 istius

1506 2648 1686 2699 motu;
1785 2633 2183 2711 uatidoquidem
2205 2644 2433 2693 maxima
2446 2637 2541 2692 ho·

1504 2713 1708 2763 minum
1718 2725 1837 2781 pars
1847 2750 1861 2770 ,
1887 2709 2105 2764 Terram
2116 2715 2171 2763 in
2184 2726 2366 2766 centro
2378 2714 2538 2767 Mun-

402 2803 487 2842 tur
500 2829 514 2849 ,
538 2805 653 2842 non
665 2781 962 2840 absolveret
978 2782 1267 2838 secundum
1282 2787 1444 2836 Ptole·
1504 2779 1558 2836 di
1569 2821 1585 2844 ‚
1607 2782 1938 2838 immobilem
1952 2782 2260 2837 collocabat.

1643 2907 1703 2960 11
1717 2907 1755 2959 Ι.

498 3015 589 3077 De
613 3001 956 3096 Antiquiorum
977 3004 1150 3090 duplici
1175 2906 1502 3094 ὁξβῒιηίιευ,
1524 2917 1636 3069 ll'el
1652 3027 1722 3067 ex
1737 3000 1990 3089 ficppofitci
2024 2998 2199 3068 Terrae
2225 3009 2419 3098 Qu,

1123 3095 1464 3184 velficppifito
1485 3094 1620 3185 {llius
1633 3103 1808 3164 Motu.

528 3208 788 3285 Uppositfi
809 3210 937 3285 ergo
959 3207 1190 3267 Telluris
1214 3211 1436 3288 Qiete,
1493 3222 1635 3270 rent,
1657 3223 1925 3335 quareque
1935 3206 2539 3282 nuncretrogradi,nunc

396 3214 859 3397 SHypotliesis
881 3289 1046 3357 prima
1067 3281 1168 3339 fuit
1186 3294 1437 3371 Anaxago:
1494 3280 1778 3337 stationarii
1795 3299 1823 3336 0
1867 3296 1958 3335 ent
1970 3284 2068 3335 &c.
2105 3279 2339 3356 Ideoque
2363 3283 2534 3352 Pytha·
2559 3301 2769 3352 pythagoras

527 3377 600 3413 ηε
618 3398 635 3421 ,
670 3361 945 3413 Democriti
984 3360 1037 3411 &
1059 3355 1278 3414 aliorum
1295 3397 1311 3421 ,
1345 3377 1437 3435 qui
1489 3374 1636 3430 goras
1672 3362 1862 3409 Samius
1884 3353 2027 3428 apud
2051 3353 2267 3411 Graecos
2298 3354 2533 3411 Philoso-
2557 3356 2656 3412 vixi?
2676 3355 2754 3390 ⁶00

395 3432 712 3491 censuerunt
745 3430 896 3486 Astra
931 3437 1134 3487 moveri
1164 3431 1438 3488 liberrimis
1492 3427 1634 3503 phus
1667 3425 1879 3502 insignis
1901 3429 2035 3556 rfflgi
2067 3443 2313 3503 tempore
2351 3436 2533 3503 primae
2557 3414 2758 3508 φῶ*

393 3507 572 3584 spatiis
586 3547 601 3571 ‚
619 3525 681 3562 ac
691 3502 864 3563 nullas
874 3500 976 3560 effe
986 3503 1220 3579 Sphaeras
1231 3503 1439 3568 solidas,
1492 3498 1781 3558 obsidionis
1792 3504 1900 3557 Hie

396 3581 587 3659 quibus
606 3579 939 3656 alligarentur
951 3620 967 3642 ,
991 3577 1191 3635 nullum
1209 3586 1438 3655 primum

398 3654 601 3713 mobile
626 3695 639 3717 ,
673 3653 878 3711 nullum
905 3668 1110 3708 morum
1133 3652 1437 3717 secundum,

399 3748 507 3807 quo
531 3727 789 3785 ferrentur
801 3746 858 3783 in
871 3742 1048 3782 ortum
1068 3750 1083 3790 3
1116 3726 1216 3782 Sed
1227 3745 1435 3801 compe-

400 3820 512 3860 tere
533 3801 702 3860 solum
722 3799 843 3879 ipsis
868 3816 1073 3856 motuni
1087 3797 1367 3875 simplicem
1382 3803 1436 3855 in

400 3876 640 3933 occasum
663 3920 677 3940 ‚
712 3897 774 3934 ac
796 3874 885 3932 illa
894 3891 1144 3950 apparere
1165 3879 1367 3931 moveri
1382 3878 1437 3928 in

401 3966 604 4014 ortum,
639 3971 754 4027 quae
775 3949 1006 4007 ferantur
1041 3946 1247 4023 segnius
1267 3954 1322 4004 in
1350 3965 1439 4003 oc-

401 4025 592 4082 casum.

2017 3499 2454 3577 lymitanae‚atque
2467 3500 2534 3556 sic

1496 3587 1599 3631 600
1635 3580 1837 3633 circiter
1858 3580 2009 3631 annis
2031 3588 2154 3628 ante
2166 3573 2434 3630 Christum
2447 3594 2539 3631 na-

1494 3664 1606 3706 tum
1630 3691 1644 3712 ,
1682 3647 1712 3704 ὲ
1744 3654 1911 3724 patria
1932 3647 2020 3703 sua
2056 3662 2269 3723 propter
2291 3647 2532 3703 hostesin

1494 3739 1838 3859 &affini
1853 3723 2535 3858 {Essssiiiffssssiffssiffiffj

1494 3872 1593 3947 git)
1627 3869 1769 3927 aliud
1792 3869 2030 3944 Systema
2051 3911 2065 3931 ‚
2102 3887 2194 3943 per
2215 3868 2362 3945 quod
2376 3887 2531 3943 appa-

1494 3949 1674 4002 rentiae
1684 3949 1735 3999 &
1744 3943 2063 4018 hypotheses
2076 3943 2422 4004 Planetarum‚
2435 3948 2529 3997 mi-

1494 4017 1642 4074 rabili
1662 4016 1910 4074 facilitate
1944 4015 2047 4074 suis
2092 4016 2326 4072 motibus
2363 4034 2531 4070 corre-

474 4105 549 4157 Ar
572 4097 866 4155 debuerunt
887 4101 1047 4154 etiam
1084 4092 1277 4150 addere
1297 4137 1312 4157 ‚
1350 4114 1440 4150 cur
1492 4090 1782 4168 spondent,
1806 4089 2069 4167 prodidit3
2094 4090 2274 4165 in⁴quo
2286 4089 2460 4144 Solem
2475 4093 2526 4143 in

398 4192 508 4237 non
534 4173 702 4230 solum
722 4174 928 4249 segnius
952 4212 969 4236 ,
1003 4167 1095 4226 sed
1133 4174 1185 4224 δε
1208 4169 1442 4226 velocius
1493 4165 1675 4223 medio
1687 4164 1887 4221 Mundi
1898 4163 2350 4226 stare,&Terram
2364 4161 2528 4245 mobi-

398 4247 730 4309 incederent,
754 4252 809 4302 &
828 4266 919 4306 cur
930 4260 1310 4318 nonnunquam
1332 4261 1439 4298 ma·
1491 4241 1597 4296 lem
1623 4236 1727 4294 effe
1746 4234 1967 4294 asseruit.
2019 4237 2199 4312 Quam
2221 4237 2526 4293 sententiam
2549 4262 2575 4296 p
2612 4255 2740 4306 hm„

398 4326 570 4392 iores,
587 4338 967 4397 nonnunquam
989 4323 1222 4375 minores
1231 4334 1441 4391 appare·
1490 4311 1684 4370 deinde
1696 4311 1943 4387 Discipuli
1955 4315 2068 4381 ejus
2083 4350 2096 4373 ,
2116 4327 2404 4385 eorumque
2422 4267 2731 4363 suc-AEmm-

1927 4389 1978 4440 A
2024 4405 2044 4451 3
2361 4377 2536 4474 ’cesso-
