3068 4718
519 251 622 294 226

515 345 771 394 rationem
784 332 983 396 habeat,
995 332 1135 389 unde
1147 331 1410 386 distantias
1417 329 1543 392 illas,

520 411 550 465 a
572 409 814 465 Ricciolo
829 427 893 462 ex
919 405 1284 480 hypothesibus
1295 403 1544 460 Astrono-

521 500 725 537 morum
740 480 1064 555 quorundam
1082 481 1363 550 Copernici
1378 474 1545 550 Syste·

521 575 608 611 ma
640 554 940 609 sectantium
983 595 995 615 ,
1040 552 1279 607 conestas
1316 545 1549 617 (etiamsi

521 625 698 701 quoad
722 631 1062 701 proximiores
1084 622 1278 684 stellas,
1315 631 1550 696 ingentes

522 704 677 755 nimis
709 699 1013 768 videantur)
1048 694 1223 772 quoad
1245 700 1552 751 remotiores

521 788 698 827 tamen
721 791 833 827 non
853 771 905 826 su
977 769 1130 825 rssuas
1153 812 1166 830 ,
1193 787 1373 825 verum
1397 772 1552 823 etiam

522 842 885 899 insufficientes
935 848 1123 917 enique
1135 838 1250 897 effe.

597 921 891 991 Itaquenon
909 916 983 971 est
1000 958 1012 979 ,
1032 914 1176 990 quod
1191 914 1555 969 Ptolemaici&

526 989 822 1062 Tychonici
836 1005 941 1044 tam
956 987 1103 1045 valde
1116 993 1384 1048 mirentur,
1407 983 1554 1060 quod

276 1080 434 1132 spatium
444 1077 501 1128 feu
527 1061 874 1135 Copernicani
899 1067 1032 1117 inter
1047 1062 1324 1117 Saturnum
1347 1061 1554 1114 &fixas

280 1132 474 1221 '⁰5¹3‘ng
526 1153 584 1191 ut
621 1140 671 1189 &
697 1140 831 1190 inter
867 1137 1009 1190 Fixas
1037 1139 1258 1192 invicem
1287 1175 1302 1196 ,
1337 1132 1550 1188 Vastum

280 1245 363 1270 „m
379 1231 426 1279 &-
442 1232 491 1270 Fa·-
562 1208 787 1264 uoddam
814 1226 873 1263 ac
887 1209 1092 1264 illorum
1115 1206 1367 1263 sententia
1389 1203 1552 1259 absur-

276 1296 338 1320 Μ
347 1285 449 1320 Μ’Μῡ
524 1229 591 1336 de
604 1300 822 1339 vacuum
848 1281 1003 1336 stellis
1023 1281 1240 1354 spatium
1254 1278 1551 1337 venditent=

277 1333 411 1433 f-ffm
431 1344 497 1370 '¹⁰¹¹
524 1360 767 1408 mirentur
777 1369 952 1424 potius
971 1350 1432 1427 quodipfi,omnes
1444 1349 1550 1405 stel-

522 1429 596 1481 las
606 1428 750 1481 Fixas
767 1428 820 1480 in
835 1443 991 1479 unam
1008 1423 1373 1480 tantummodo
1385 1422 1552 1496 Sphae-

521 1516 630 1553 ram
643 1499 916 1559 collocent,
931 1502 982 1552 ὃ(
996 1514 1137 1554 extra
1153 1496 1310 1558 illam,
1323 1514 1430 1551 non
1479 1502 1555 1549 ui-

525 1570 645 1626 dem
658 1571 856 1628 vastum
868 1571 1083 1644 spatium
1098 1576 1271 1632 inane,
1282 1568 1368 1624 sed
1385 1575 1434 1622 in
1479 1572 1554 1622 ni·

526 1659 638 1698 tum
661 1644 881 1711 (scilicet
892 1642 1275 1700 Aristotelicum
1289 1640 1415 1698 illud
1426 1646 1556 1697 Ima-

527 1721 800 1790 ginarium)
813 1718 1046 1772 statuant.

570 1787 939 1849 Dtiudt'candum
951 1796 1074 1862 itaq‚·
1084 1790 1196 1844 aliis
1208 1789 1526 1861 ;·elinquemus
1539 1810 1557 1838 .-

308 1877 367 1910 An
385 1873 497 1921 magis
599 1868 684 1917 An
700 1871 860 1937 magis
880 1861 1090 1918 absurde
1104 1861 1346 1918 statutum
1369 1858 1453 1919 fit,
1477 1876 1560 1916 tot

275 1923 493 2010 {fflss'ssk
526 1937 916 1991 innumerabilia
930 1955 1145 2011 corpora
1168 1938 1396 1992 lucentia
1412 1938 1463 1988 &
1483 1941 1558 1989 in-

277 2036 384 2061 unum
397 2023 500 2074 sphae-
527 2015 721 2083 genua,
746 2014 1016 2063 acervatim
1040 2016 1093 2062 in
1120 2027 1273 2064 unam
1299 2008 1557 2082 Sphaeram

278 2077 496 2161 {ff'zffissfb
527 2081 755 2155 redigere
777 2087 827 2135 ὃς
848 2082 1075 2154 Spatium
1107 2080 1234 2134 illud
1249 2079 1391 2154 quod
1416 2095 1558 2134 extra

276 2175 427 2224 spanum
526 2159 579 2208 in
592 2154 852 2209 infinitum
877 2153 927 2206 se
942 2154 1225 2225 protendit,
1239 2160 1393 2207 inane
1406 2151 1556 2207 relin-

280 2227 498 2312 gf‘mm'ag
527 2246 683 2301 quere
706 2231 727 2281 ?
766 2233 850 2280 An
876 2245 1000 2281 vero
1028 2231 1303 2299 unicuique
1327 2224 1554 2284 istorum.

304 2275 490 2324 'spa'gm'
527 2319 623 2374 pro
652 2295 925 2354 diffusione
949 2301 1250 2351 Luminis&
1271 2299 1453 2352 caloris
1465 2317 1551 2351 un·

529 2372 788 2445 diquaque
827 2412 840 2431 ,
893 2386 1093 2424 tantum
1129 2369 1278 2442 spatii
1314 2368 1556 2443 affignare

528 2460 778 2517 quantum
799 2457 1072 2518 praeterpro
1113 2457 1187 2495 ter
1210 2442 1281 2495 est
1309 2446 1442 2509 inter
1466 2443 1556 2496 So·

527 2517 630 2571 lem
658 2521 708 2570 &
745 2533 900 2571 unam
938 2516 1019 2571 vel
1049 2535 1076 2569 a
1097 2530 1258 2568 teram
1296 2512 1487 2568 stellam
1510 2518 1559 2570 ei

528 2594 903 2663 proximiorem
917 2593 938 2642 ?
953 2587 1055 2642 Cui
1069 2592 1208 2642 enim
1219 2592 1291 2643 rei
1305 2590 1558 2643 conduce-

527 2678 605 2716 ret
618 2662 848 2736 Spatium
870 2659 1370 2734 illudimaginarium
1392 2660 1554 2714 infin}

530 2749 640 2788 tum
670 2739 721 2788 ὃ(
746 2734 870 2788 illud
897 2738 1051 2787 inane
1075 2737 1332 2807 relinqui?
1357 2733 1561 2788 Contra

528 2807 652 2864 vero
675 2805 1132 2879 imperceptibilem
1171 2804 1559 2861 multitudinem

532 2897 807 2953 corporum
833 2884 1138 2934 immanium
1175 2894 1331 2953 atque
1358 2877 1560 2952 fulgen·

455 3019 458 3021 ,
531 2959 665 3007 tium
702 2960 759 3007 in
796 2969 953 3005 unam
992 2951 1250 3027 Sphaeram
1290 2952 1562 3016 coarc'tare,

570 3042 754 3080 uorum
795 3041 972 3079 tamen
1010 3040 1190 3079 natura
1243 3023 1319 3078 est
1355 3028 1557 3080 Lumen

530 3045 677 3151 ssuum
691 3115 781 3170 per
793 3097 979 3151 multas
997 3098 1288 3153 milliarium
1302 3097 1563 3171 myriades

532 3175 853 3225 circumcirca
876 3168 1171 3245 dispergere.

1355 3307 1554 3362 CAP

1078 238 1404 290 L1nssk
1474 234 2079 295 sapa-rmus,

1675 336 1756 387 Ac
1777 326 1976 384 etiamsi
1998 331 2280 402 unicuique
2313 325 2506 384 horum
2529 345 2648 383 cor·

1644 420 1791 457 orum
1808 401 1837 455 a
1861 404 2234 476 Copernicanis
2245 409 2352 457 tam
2364 400 2561 457 vastum
2574 400 2646 457 as-

1607 419 1831 550 Egnetur
1844 473 2063 547 spatium
2082 516 2094 538 ,
2148 473 2334 530 roinde
2348 491 2520 529 tamen
2534 493 2644 531 non

1611 546 1985 622 respiciendum
2000 492 2213 603 illuXess
2227 564 2474 623 tanquam
2488 552 2647 602 inuti·

1613 621 1661 674 le
1674 639 1921 677 vacuum:
1950 619 2038 676 sed
2050 619 2194 696 quod
2208 623 2408 678 Divinae
2420 624 2646 675 Immen·
2673 632 2853 693 Astron-pn

1613 691 1744 749 fitati
1770 699 1839 750 ita
1861 693 2109 771 placuerit
2124 735 2138 755 ‚
2171 693 2237 749 ad
2258 700 2508 764 majorem
2537 698 2651 765 ejus
2669 687 2892 785 ᾗθῗβΐχβ

1614 768 1845 838 gloriam,
1880 767 1974 822 has
1985 782 2237 823 creaturas
2249 766 2381 823 adeo
2394 764 2647 822 diffitelo-
2668 760 2895 837 spatiamin-

1616 856 1731 894 care
1742 879 1755 899 ,
1781 858 1840 895 ut
1851 842 2093 915 quaelibet
2105 838 2171 895 ad
2186 840 2385 898 vastum
2397 840 2542 895 suum
2555 844 2648 895 cir·
2667 837 2889 924 “mgssffl'

1617 910 1875 968 cumstans
1897 914 2128 989 Spatium
2142 955 2155 974 ‚
2193 911 2333 987 quasi
2351 928 2565 968 atomus
2586 910 2648 967 fit
2672 900 2884 989 :xum

1617 984 1980 1057 comparanda.
2030 991 2096 1040 Et
2137 983 2266 1040 ficut
2312 990 2554 1040 omnium
2592 989 2649 1039 in

1615 1056 1816 1111 mundo
1829 1064 2113 1114 viventium
2126 1075 2310 1114 natura
2321 1058 2398 1113 est
2408 1098 2423 1121 ‚
2451 1055 2652 1131 semper

1616 1130 1922 1203 ampliorem
1945 1133 2114 1186 locum
2138 1130 2431 1208 quaerendi:
2446 1150 2506 1186 ac
2527 1128 2656 1186 ficut

1618 1220 1806 1259 omnes
1827 1209 1916 1277 qui
1940 1207 2074 1259 Inter
2088 1205 2142 1259 se
2173 1206 2289 1261 sunt
2312 1203 2547 1274 ejusdem
2571 1220 2659 1279 ge-

1616 1281 1751 1333 neris
1765 1318 1779 1338 ‚
1798 1281 2030 1334 vicinum
2051 1277 2272 1352 aliquem
2296 1277 2483 1333 habere
2509 1282 2562 1333 &
2586 1275 2656 1333 εὸ

1586 1359 1591 1391 ³
1616 1348 1773 1474 usque
1786 1349 1910 1404 dum
1926 1350 2072 1406 illum
2090 1355 2348 1424 reperiant
2367 1349 2417 1404 se
2441 1350 2654 1406 dilatare

1615 1420 1683 1476 de
1706 1421 1906 1479 iderant
1926 1424 2026 1492 (uti
2050 1443 2131 1478 ex.
2140 1443 2220 1497 gr.
2248 1421 2518 1480 videmus:
2541 1423 2655 1478 nul-

1615 1495 1723 1549 lum
1746 1496 2024 1570 agricolam
2046 1495 2128 1554 vel
2140 1495 2384 1552 rusticum
2400 1537 2414 1558 ,
2438 1502 2657 1571 quinon

1617 1566 1804 1624 habeat
1825 1568 2051 1625 accolam
2069 1568 2148 1625 vel
2161 1574 2387 1626 vicinum
2405 1591 2422 1632 ς
2453 1567 2658 1625 nullum

1618 1660 1804 1715 pagum
1829 1642 1895 1697 ad
1919 1649 2066 1713 cujus
2089 1641 2221 1698 fines
2235 1661 2344 1697 non
2370 1640 2433 1696 fit
2443 1642 2572 1699 alius
2595 1638 2657 1696 fi-

1616 1730 1700 1770 tus
1711 1738 1726 1778 ;
1740 1714 1940 1769 nullum
1953 1720 2119 1770 civem
2131 1720 2214 1769 cui
2224 1733 2335 1770 non
2347 1712 2408 1769 sit
2418 1733 2541 1770 cum
2553 1712 2657 1789 alio

1619 1792 1696 1845 vei
1712 1786 1944 1862 pluribus
1974 1792 2239 1852 vicinitas;
2262 1786 2458 1844 nullam
2478 1793 2658 1846 civita-

1588 1905 1592 1942 ,
1620 1876 1726 1917 tem
1739 1880 1854 1935 quae
1868 1879 1979 1915 non
1995 1860 2270 1917 finitimam
2283 1860 2515 1935 respiciat
2530 1887 2545 1926 ς
2560 1879 2658 1918 nec

1586 1948 1591 2025 f
1620 1936 1785 1989 Princn
1826 1953 1908 1990 em
1924 1934 2005 1991 vel
2020 1934 2355 2010 Regem‚qui
2368 1953 2477 1990 non
2489 1934 2662 2009 respe-

1620 2007 1757 2062 Ctum
1827 2007 1970 2062 abeat
1991 2011 2055 2062 ad
2080 2014 2240 2064 alium
2271 2011 2565 2080 Principem
2579 2005 2661 2064 vel

1584 2067 1591 2138 l
1617 2080 1819 2152 Regem
1832 2086 2146 2154 proximum.
2185 2088 2365 2155 Atque
2376 2080 2442 2136 fic
2456 2080 2662 2155 semper
2683 2106 2876 2158 mmsm

1584 2139 1590 2237 ἱ
1649 2151 1828 2206 uilibet
1852 2155 1903 2204 &
1928 2151 2230 2225 quodlibet,
2250 2155 2377 2207 illud
2408 2153 2554 2228 quod
2580 2153 2655 2208 est
2675 2160 2799 2259 θίγε
2819 2158 2879 2209 fi.

1636 2231 1687 2279 ui
1703 2229 1905 2298 generis
1930 2229 1981 2278 ὃ(
2004 2223 2180 2281 fimilis
2202 2225 2524 2284 cond2tionis
2539 2268 2553 2288 ,
2578 2243 2655 2282 re·
2669 2220 2858 2309 2⁸,aess

1615 2298 1647 2352 s
1675 2302 1789 2354 icit,
1811 2311 1898 2351 aut
1922 2299 2144 2352 amicitia
2171 2317 2258 2354 aut
2274 2298 2402 2354 odio
2430 2298 2636 2360 velinvi
2673 2309 2885 2354 nebia-vm.

1657 2369 1706 2421 ia
1731 2369 2047 2441 prosequitur
2064 2411 2077 2430 ,
2100 2368 2351 2445 fimulque
2375 2372 2523 2446 gestit
2549 2371 2655 2428 sese
2672 2363 2908 2455 muter-»5⁴2

1621 2441 1934 2496 nobiliorem
1958 2442 2042 2497 vel
2054 2449 2451 2499 eminentiorem
2463 2443 2656 2519 praebe·
2678 2425 2878 2503 ωιᾱᾴόἵεεο.

1622 2515 1701 2584 re)
1713 2513 1906 2570 eodem
1917 2533 2129 2589 quoque
2140 2516 2305 2572 modo
2317 2516 2657 2579 credendum,
2676 2526 2757 2603 εἲ
2770 2523 2855 2566 m·-

1622 2585 1888 2662 quodlibet
1923 2587 2110 2643 horum
2148 2589 2431 2647 coelestium
2470 2610 2562 2647 cor
2598 2610 2657 2646 o-
2757 2589 2770 2605 ⁶

1625 2679 1736 2715 rum
1753 2701 1765 2720 ,
1785 2661 1887 2716 sese
1914 2657 2147 2718 f.ffluviis
2166 2663 2266 2719 suis
2287 2662 2445 2740 longe
2468 2683 2527 2720 ac
2574 2661 2658 2720 ate
2681 2668 2826 2728 itan-eea
2847 2687 2895 2736 qe

1626 2734 1780 2808 usque
1802 2733 1868 2789 ad
1883 2733 2111 2789 confinia
2122 2739 2219 2791 alia
2231 2738 2304 2792 sui
2316 2741 2521 2811 generis
2535 2779 2547 2799 ‚
2569 2754 2657 2793 ex·
2682 2739 2823 2797 ξω*
2837 2741 2903 2778 ⁹⁵·

1625 2806 1839 2862 tendere
1864 2811 1914 2860 &
1952 2812 2165 2864 virtutes
2200 2808 2311 2863 suas
2345 2809 2412 2864 ad
2434 2815 2657 2867 invicem
2677 2790 2906 2881 ἵζ’-αξξ

1624 2878 1854 2944 eiaculari
1866 2918 1881 2940 ‚
1903 2887 2138 2952 atqueita
2158 2887 2292 2934 inter
2302 2881 2353 2937 se
2372 2900 2469 2956 pro
2483 2888 2655 2953 cujus·
2674 2899 2747 2942 te.»-
2755 2893 2858 2931 Fixt-

1628 2957 1702 3007 vis
1736 2954 2041 3006 conditione
2055 2993 2067 3013 ,
2106 2955 2287 3008 natura
2301 2995 2314 3016 ,
2352 2961 2656 3029 quantitate,

1622 3023 1876 3099 qualitate,
1891 3029 1985 3078 &c.
2012 3044 2190 3099 agere,
2210 3035 2517 3091 convenire,
2544 3047 2659 3083 cor-

1622 3097 1708 3152 res
1734 3105 1957 3158 ondere,
1983 3100 2233 3165 influere,
2268 3098 2402 3157 bene
2425 3100 2504 3160 vel
2525 3098 2657 3157 male

1620 3170 1686 3226 ad
1706 3171 1998 3242 picere,&c.

1583 1687 1590 1726 l

1596 3318 1722 3361 UT
1798 3311 1871 3362 11.

970 3417 1057 3478 De
1086 3415 1439 3502 Magnitudine
1470 3421 1529 3480 <⁶5
1556 3418 1886 3483 Multitudine
1918 3421 2206 3485 Stellarum.

631 3550 683 3605 N
709 3569 895 3626 genere
920 3550 985 3607 de
1009 3552 1277 3608 Stellarum
1305 3556 1565 3628 Magnitu-

637 3624 758 3680 dine
768 3624 1030 3681 sciendum
1044 3666 1057 3688 ‚
1079 3627 1205 3679 nihil
1219 3643 1426 3701 quoque
1440 3634 1566 3683 certi

637 3700 769 3753 tradi
783 3695 921 3770 poffe
933 3723 946 3762 ;
957 3697 1304 3755 Fundamenta
1317 3704 1457 3755 enim
1472 3700 1564 3757 hu-

535 3775 623 3839 jus
656 3769 877 3826 scientiae
915 3778 1193 3846 praeprimis
1217 3778 1271 3826 in
1297 3774 1363 3826 eo
1403 3772 1564 3836 consi-

543 3842 681 3896 ssunt
699 3885 711 3904 ,
731 3860 790 3898 ut
818 3845 1078 3901 Distantiae
1113 3863 1285 3899 earum
1304 3865 1456 3903 certae
1470 3846 1566 3902 sint

540 3931 791 3990 cognitae,
814 3921 865 3970 ὃ(
880 3935 938 3972 ut
960 3917 1095 3974 certe
1115 3917 1373 3975 sumantur
1396 3940 1455 3977 ac
1477 3941 1563 3976 ex-

539 3987 720 4060 quisite
761 3987 1066 4062 singularum
1105 3994 1355 4046 Diametri
1395 4017 1409 4056 ;
1458 3992 1563 4049 Nisi

541 4068 680 4116 enim
721 4060 827 4116 haec
875 4062 980 4118 duo
1013 4069 1261 4138 principia
1298 4066 1558 4130 constent,

538 4150 691 4189 ruent
718 4143 897 4191 omnia
921 4159 935 4198 ς
974 4136 1113 4192 unde
1137 4134 1173 4189 si
1197 4152 1457 4195 mutemus
1486 4140 1561 4195 di·

539 4201 747 4261 stantias
771 4247 784 4267 ‚
821 4209 914 4263 alia
938 4228 1150 4284 quoque
1172 4216 1267 4265 erit
1286 4227 1561 4283 corporum

537 4294 807 4348 quantitas.

1700 3555 1838 3631 Qiae
1852 3560 1973 3614 vcro
1989 3558 2053 3612 de
2066 3558 2163 3614 hac
2186 3578 2241 3615 re
2254 3565 2582 3616 communior
2594 3558 2655 3617 fit

1624 3629 2059 3688 Astronomorum
2074 3632 2325 3689 sententia
2337 3651 2388 3688 at
2425 3652 2489 3688 ue
2497 3632 2655 3690 scien-

1624 3710 1697 3758 tia
1721 3745 1735 3764 ,
1775 3723 1840 3759 ex
1867 3705 1949 3759 lib.
1984 3726 2026 3759 1.
2055 3722 2149 3781 cap.
2188 3727 2265 3775 30.
2292 3725 2387 3761 con
2438 3723 2528 3771 at3
2564 3709 2654 3763 ubi
2676 3724 2716 3756 tn
2741 3718 2902 3765 dcem»

1624 3773 1771 3832 simul
1794 3777 1971 3834 videre
1995 3778 2070 3833 est
2093 3778 2366 3854 quomodo
2393 3778 2483 3833 ase
2509 3776 2653 3837 diffe-
2674 3772 2792 3858 m
2813 3770 2902 3860 ‘2ss

1625 3865 1737 3904 rant
1760 3891 1773 3911 ‚
1812 3851 2043 3925 qualesve
2068 3871 2266 3907 errores
2287 3861 2649 3917 committant,
2669 3871 2866 3919 guandiu,

1624 3930 1695 3976 ita
1740 3940 1799 3978 ut
1846 3924 2057 3998 quidam
2104 3924 2280 3979 Stellas
2673 3984 2701 4007 v
2727 3972 2830 4011 mai

1622 3994 1911 4121 gnitudinis
1962 4003 2126 4063 (inter
2172 4015 2307 4070 quos
2352 4000 2426 4053 est
2462 3984 2769 4074 Tychossne.
2833 3972 2892 4021 fi·

1667 4068 1894 4139 rahaeus)
1944 4070 2114 4125 saltem
2158 4090 2226 4137 45
2265 4072 2461 4127 vicibus
2497 4080 2655 4144 majo·

2325 3932 2509 3998 primae
2544 3946 2652 3982 ma·
2674 3920 2866 3969 “stmmf

1586 4119 1594 4259 j
1624 4159 1706 4196 res
1743 4142 1906 4196 Terra
1932 4166 1946 4206 ;
1983 4142 2191 4217 quidam
2230 4163 2318 4200 eas
2340 4147 2496 4214 (inter
2519 4164 2653 4232 quos

1623 4213 1914 4284 Ricciolus)
1934 4235 1991 4282 53
2003 4234 2064 4278 55
2078 4214 2271 4273 vicibus
2287 4225 2510 4285 maiores
2532 4221 2648 4272 ler-

1586 4261 1675 4400 ξῐὲι
1710 4293 2085 4358 pronuncient:
2124 4293 2176 4343 δε
2213 4297 2357 4363 quod
2384 4290 2650 4347 Ricciolus

2581 4380 2647 4416 ex
