3068 4718
567 157 632 205 28
1218 149 1554 201 LIBER
1632 146 2074 208 Patmos,

565 247 622 300 to
651 245 917 307 constant,
955 240 1123 300 multo
1148 247 1320 298 minus
1346 238 1602 295 stellatum
1659 248 1826 292 Verum
1842 280 1857 302 ,
1887 237 2181 314 spectabilis
2199 258 2266 297 ex
2289 255 2471 298 centro
2497 242 2702 305 Terrae,
2748 255 2907 311 Qiafit

563 322 826 382 fixarum,
862 318 1091 394 ideoque
1105 316 1172 373 de
1191 315 1396 372 illarum
1411 317 1606 388 magni·
1661 315 1713 367 δε
1733 314 1884 368 locum
1911 324 2229 391 apparentem
2248 314 2338 372 seu
2360 316 2514 385 Vifiem
2544 336 2609 372 ex
2620 316 2702 373 su·
2727 311 2930 349 ¹²⁴'⁴²‘⁴³‘¹''·

563 393 832 450 tudinibus
847 398 898 448 ὅτ
911 392 1164 449 distantiis
1175 431 1190 452 ‚
1226 408 1336 446 non
1348 385 1441 443 nisi
1455 391 1609 444 certis
1661 384 1877 461 perficie
1891 389 2097 454 Tetrae;
2141 388 2328 445 dicitur
2343 409 2555 466 quoque
2575 395 2703 449 Eva-

562 466 813 524 limitibus
849 472 901 522 &
924 464 1209 523 rationibus
1247 461 1606 535 conjecturam
1663 465 1812 515 tiatio
1826 460 1910 518 vel
1927 460 2496 539 diverfitasadspeetus.

564 561 751 616 capere
772 539 1056 618 possumus.
1094 539 1283 614 Neque
1304 536 1507 612 sperate
1530 533 1608 591 fas
1734 535 1824 591 Est
1835 554 2012 594 autem
2037 538 2316 595 Parallaxis
2338 538 2564 614 duplex;
2583 539 2703 595 Alia

565 617 665 678 est,
706 632 764 673 ut
776 615 1066 672 mensutam
1094 612 1401 667 Coelestium
1416 628 1605 684 corpo·
1662 606 1740 662 est
1753 611 2031 669 Patallaxis
2047 611 2344 668 Altitudinis
2366 614 2454 668 seu
2470 618 2521 668 in
2540 618 2702 669 circu-

563 709 678 746 tum
693 697 902 766 penitus
913 692 995 746 vel
1011 686 1078 744 ad
1092 704 1321 762 unguem
1334 684 1607 760 cognosca-
1661 682 1715 736 10
1730 686 1955 742 verticali
1974 728 1987 750 ,
2013 706 2117 763 qua
2142 691 2340 743 utimur
2352 692 2407 741 in
2421 685 2701 743 dimensio-

566 783 683 819 mus
708 808 722 829 ‚
769 764 896 820 ficut
939 761 1154 839 quidam
1176 759 1483 816 Astronomi
1518 757 1608 813 has
1661 775 1730 811 ne
1745 755 1995 815 distantiae
2017 764 2253 818 Lunaris.
2293 762 2414 817 Alia
2438 759 2514 816 est
2535 761 2703 816 Paral-

569 837 919 894 determinare
957 835 1154 893 audent
1201 832 1471 890 distantias
1498 875 1512 896 ,
1548 846 1607 887 ut
1659 831 1790 887 laxis
1807 836 2163 899 Horizontalis,
2202 854 2319 912 quae
2333 833 2611 890 neceffatia
2626 835 2703 889 est

564 914 744 974 Alios,
780 912 845 967 ad
860 910 1095 967 auditum
1119 909 1299 965 talium
1320 904 1606 963 conclusio·
1660 902 1726 959 ad
1752 903 2127 966 dimetiendam
2162 908 2302 967 Solis
2343 907 2640 965 distantiam
2675 909 2705 962 a

565 1004 692 1040 num
707 984 846 1061 quasi
863 983 1227 1060 obstupescere
1242 981 1439 1038 faciant
1450 1023 1463 1043 ,
1478 979 1605 1036 dum
1659 978 1842 1035 Terra.

567 1079 646 1114 ex.
679 1081 757 1136 gr.
801 1076 1003 1134 ponant
1029 1102 1043 1122 ‚
1077 1058 1296 1115 Novum
1318 1056 1604 1111 Cometam
1734 1053 2013 1113 Parallaxis
2036 1056 2332 1113 Altitudinis
2360 1055 2435 1112 est
2458 1052 2706 1112 differen·
2753 1062 2951 1102 ramum,

568 1131 754 1189 distare
768 1133 972 1190 a‘l'erra
998 1135 1289 1204 3738072—227}
1307 1129 1604 1187 milliarium
1662 1132 1731 1182 tia
1759 1134 1894 1185 inter
1917 1129 2250 1186 altitudinem
2291 1143 2454 1186 Veram
2491 1131 2706 1198 alicujus
2727 1117 2938 1204 me‘*

559 1225 726 1285 germ.

1659 1202 1799 1258 Astti
1817 1203 1945 1275 (hoc
1971 1204 2048 1260 est
2062 1247 2076 1268 ‚
2103 1202 2245 1281 quast
2258 1224 2323 1260 ex
2335 1220 2515 1261 centro
2527 1205 2708 1261 Tettae

630 1286 706 1337 Ex
720 1301 823 1358 qua
837 1281 974 1337 adeo
990 1279 1195 1356 praecisa
1205 1284 1604 1355 computatione

1660 1274 1771 1347 visi)
1797 1277 2191 1335 &altitudinem
2214 1279 2363 1349 Vistzm
2385 1277 2450 1333 ab
2474 1279 2700 1335 oculoin

561 1355 663 1429 qua
699 1361 933 1411 minutiae
970 1362 1124 1410 etiam
1166 1368 1603 1415 annumerantur,
1656 1349 1925 1424 superficie
1946 1355 2161 1418 Tertae3
2199 1373 2267 1409 ex
2284 1351 2473 1429 quibus
2499 1351 2701 1409 duabus

560 1427 773 1502 quidam
803 1446 912 1484 non
936 1428 1054 1485 satis
1080 1428 1348 1484 informati
1378 1470 1390 1491 ,
1428 1432 1600 1483 conci·
1657 1426 2015 1484 altitudinibus
2034 1427 2426 1503 oriturangulus
2450 1431 2504 1483 in
2519 1443 2700 1483 centro

561 1508 716 1576 piunt
732 1508 1040 1576 opinionem
1057 1544 1069 1565 ‚
1108 1499 1210 1556 effe
1236 1521 1347 1556 rem
1371 1499 1602 1575 impoffi-
1628 1486 1634 1589 ζ
1659 1498 1801 1555 Astri
1826 1500 2019 1564 sacius,
2050 1502 2079 1556 a
2099 1503 2252 1558 lineis
2288 1501 2468 1563 mefitis,
2505 1520 2607 1557 una
2631 1521 2701 1557 ex

562 1578 718 1630 bilem
737 1619 749 1639 ,
764 1575 831 1631 'ut
841 1575 1318 1633 talisAstronomus
1330 1580 1485 1650 quiin
1501 1573 1603 1629 suis
1659 1589 1844 1628 centro
1856 1577 2056 1638 Terrae,
2080 1578 2241 1631 altera
2265 1595 2332 1631 ex
2361 1576 2523 1630 oculo
2550 1580 2602 1631 in
2617 1575 2702 1630 su-

559 1649 1018 1724 supputationibus
1046 1654 1201 1706 unius
1227 1668 1443 1724 quoque
1456 1646 1605 1721 digiti
1629 1674 1633 1684 ·
1659 1647 1876 1720 perficie
1896 1650 2078 1705 Terrae
2109 1647 2284 1724 posito
2310 1690 2324 1711 ,
2363 1647 2533 1704 ductis
2557 1672 2574 1712 ς
2611 1654 2702 1724 qui

560 1730 815 1780 rationem
831 1723 1012 1786 habet,
1052 1742 1219 1780 errare
1235 1721 1416 1798 posset.
1460 1721 1603 1777 Cum
1658 1724 1881 1797 angulus
1911 1721 2191 1781 Parallaxis
2228 1721 2521 1779 altitudinis
2574 1722 2701 1778 dici-

558 1813 734 1853 tamen
761 1796 828 1853 de
866 1800 1068 1875 reliquo
1094 1840 1108 1861 ,
1143 1797 1327 1859 rudes,
1365 1801 1604 1852 centenis
1658 1811 1755 1852 tur.

558 1873 736 1944 saepius
750 1871 975 1929 millibus
994 1874 1191 1929 &ultra
1203 1872 1500 1927 milliarium
1519 1871 1600 1926 vel
1729 1871 2007 1928 Parallaxis
2031 1871 2366 1926 Horizontalis
2392 1867 2464 1925 est
2476 1866 2702 1944 angulus

556 1947 676 2019 plus
700 1946 782 2000 vel
806 1950 978 2002 minus
1010 1944 1269 2020 ponendo
1310 1944 1600 2019 decipiant;
1656 1943 1823 2000 fastus
1839 1951 1893 2001 in
1918 1960 2101 2002 centro
2126 1943 2268 2000 Astri
2284 1985 2299 2008 ,
2326 1963 2394 2000 ex
2418 1941 2621 2000 duabus
2639 1943 2701 1998 li-

555 2017 694 2074 Vide
735 2018 1002 2073 Galilaeum.
1064 2017 1232 2096 Qod
1269 2018 1394 2072 ideo
1433 2019 1597 2091 loqui·
1652 2022 1766 2071 neis
1805 2019 1981 2079 rectis,
2022 2036 2126 2072 una
2155 2036 2223 2071 ex
2256 2032 2443 2072 centro
2490 2017 2699 2078 Teme,

557 2111 696 2155 mut,
737 2110 846 2147 non
875 2110 934 2148 ut
959 2099 1180 2148 omnino
1215 2096 1440 2146 incertas
1472 2087 1598 2146 veli-
1649 2088 1862 2165 quando
1885 2089 2100 2146 Astrum
2124 2094 2316 2152 oritur,
2352 2088 2702 2144 horizontali·

556 2184 675 2222 mus
704 2163 878 2221 facete
905 2165 998 2220 has
1022 2164 1434 2221 mensurationes
1459 2205 1473 2225 ‚
1509 2163 1597 2217 sed
1650 2178 1728 2216 tet
1755 2161 1941 2228 ductu
1983 2164 2146 2219 altera
2167 2161 2231 2217 ab
2255 2163 2413 2219 oculo
2438 2167 2493 2218 in
2517 2161 2576 2218 su
2617 2181 2696 2218 et·

554 2242 659 2295 iilis
705 2240 884 2295 saltem
920 2238 981 2294 sit
1028 2238 1223 2294 dictum
1251 2279 1266 2301 ,
1312 2242 1402 2311 qui
1441 2241 1597 2290 etiam
1653 2234 1771 2289 ficie
1805 2237 1982 2290 Terrae
2046 2233 2179 2290 ofito
2206 2279 2221 2300 ,
2271 2235 2426 2292 ducta
2446 2234 2514 2292 ad
2548 2242 2565 2291 i
2607 2254 2696 2292 em

555 2320 848 2388 Apogaeum
888 2317 941 2366 &
969 2314 1084 2366 Peri
1120 2328 1254 2365 aeum
1289 2309 1380 2364 scu
1403 2311 1599 2362 Eccen·
1655 2322 1892 2363 centrum
1928 2314 1976 2364 A
2027 2314 2110 2372 ri;
2153 2326 2268 2384 quae
2302 2308 2417 2364 duae
2450 2309 2601 2364 lineae
2637 2315 2695 2364 in

555 2391 801 2442 tricitates
820 2383 1027 2439 Solisac
1051 2387 1092 2440 P
1113 2399 1385 2439 anetarum
1414 2381 1603 2439 volunt
1654 2397 1842 2437 centro
1869 2382 2009 2438 Astri
2043 2385 2294 2458 angulum
2339 2380 2696 2444 constituunt.

556 2459 879 2522 mensurare,
919 2463 1163 2515 &inuno
1190 2456 1277 2515 vel
1291 2458 1456 2513 altero
1467 2454 1600 2511 sctu-
1652 2461 1743 2531 qui
1798 2454 1987 2513 dicitur
2033 2455 2312 2513 Patallaxis
2364 2458 2699 2512 Horizonta·

554 2534 682 2609 pulo
715 2532 897 2590 abillis
918 2538 1085 2607 magis
1112 2533 1197 2589 vel
1220 2537 1394 2588 minus
1418 2536 1599 2586 inven-
1649 2531 1728 2586 lis.

556 2626 614 2663 to
633 2650 646 2669 ‚
683 2607 816 2664 alios
841 2624 895 2663 re
942 2604 1254 2672 rehendere,
1281 2624 1402 2661 cum
1418 2620 1595 2659 tamen
1721 2606 1886 2660 Porto
1909 2602 2182 2661 sciendum
2206 2603 2283 2660 est
2312 2602 2460 2679 quod
2488 2645 2501 2666 ‚
2540 2600 2693 2680 quid·
2741 2625 2942 2680 pamm

553 2679 762 2811 {pfimet
791 2725 806 2743 ,
866 2625 1291 2737 Jranometriam
1346 2687 1595 2735 incertam
1647 2678 1776 2807 ῗιυίἀ
1787 2678 2054 2744 videmus»,
2088 2677 2222 2734 illud
2233 2684 2286 2734 in
2302 2677 2561 2768 triangulo
2573 2696 2693 2753 qua-
2716 2672 2891 2725 ”1⁸⁸4ae

1668 2771 1686 2807 1

581 2761 766 2811 “imt-
1710 2752 2010 2817 videamus3
2046 2751 2208 2807 Unde
2247 2767 2445 2826 quanto
2471 2757 2636 2826 magis
2663 2750 2693 2806 εὶ
2713 2725 2928 2775 ΤΜΨΜ·

310 2874 412 2914 rm
627 2829 1046 2886 Fundamentum
1069 2843 1244 2884 autem
1257 2845 1321 2883 ex
1344 2845 1453 2904 quo
1468 2842 1595 2900 pen·
1648 2846 1703 2882 re
1713 2828 1886 2902 aliqua
1896 2830 2087 2882 remoti
2100 2830 2295 2880 erimus
2310 2866 2322 2886 ,
2364 2825 2512 2880 tanto
2526 2822 2690 2880 visua·

309 2936 351 2965 ,a
367 2887 531 2978 ,σὲᾘῖ
558 2901 647 2959 det
675 2909 914 2979 cognitio
938 2903 1311 2958 Distantiarum
1334 2904 1499 2957 Lunae
1536 2918 1596 2954 ac
1647 2899 1711 2956 lis
1729 2900 1949 2975 angulus
1964 2903 2138 2955 minoi·
2151 2894 2564 2960 efficietur,itaut
2574 2913 2708 2953 tan-.

306 2978 360 3037 ²²⁸?
394 2978 531 3023 Distan-
555 2975 706 3041 Solis,
730 2983 863 3034 &ex
876 2979 955 3034 his
970 3021 983 3041 ‚
1018 2978 1338 3053 reliquorum
1356 2973 1594 3030 Planeta·
1649 2973 1776 3030 dem
1798 2970 2017 3048 angulus
2043 2978 2098 3028 in
2124 2970 2288 3028 oculo
2309 2970 2484 3028 nullus
2506 2968 2569 3026 fit
2585 3013 2598 3034 ,
2634 2976 2686 3026 δε

310 3036 518 3121 ἷῖζζῗκῖζ
553 3069 684 3113 rum,
701 3064 811 3108 imo
823 3051 958 3108 adeo
971 3048 1231 3107 stellarum
1241 3052 1478 3105 Fixarum
1490 3090 1504 3110 ‚
1521 3045 1594 3102 est
1647 3065 1787 3104 totus
1800 3048 2087 3123 triangulus
2099 3052 2152 3103 in
2163 3045 2354 3103 lineam
2367 3046 2516 3101 abeat
2528 3088 2543 3108 ,
2557 3062 2685 3101 con-

552 3126 843 3182 Parallaxis.
1644 3122 1914 3198 sequenter
1951 3121 2137 3178 oculus
2175 3119 2308 3177 nihil
2342 3118 2571 3195 amplius
2608 3121 2683 3175 vi·

637 3199 918 3252 Parallaxis
947 3197 1193 3254 definitur
1232 3195 1472 3253 distantia
1502 3193 1592 3250 seu
1647 3197 1790 3257 deat,
1812 3213 1872 3252 ut
1908 3194 1988 3251 lib.
2009 3215 2059 3264 4.
2082 3212 2177 3272 cap.
2198 3218 2289 3266 ¹3·-
2311 3191 2680 3252 demonstrabi-

552 3267 843 3327 differentia
854 3276 990 3326 inter
1014 3273 1163 3325 locum
1189 3269 1409 3342 alicujus
1427 3269 1565 3325 Astri
1580 3310 1618 3336 ‚‚
1644 3286 1773 3325 mus.
