3068 4718
533 221 556 258 1
573 209 634 273 36

533 314 695 353 unam
717 292 886 351 solum
914 294 966 347 &
988 288 1080 346 fim
1119 289 1276 347 licem
1300 293 1577 351 virtutem,

1145 194 1475 248 LtssER
1548 188 2110 266 Quiriti-us,

1668 291 1719 341 io
1747 286 1923 361 aliquo
1951 285 2142 348 Solari,
2179 290 2354 342 Acum
2377 283 2461 343 vel
2480 285 2677 362 Lingu-

538 388 632 445 per
655 385 822 425 totam
855 363 1041 442 lapidis
1088 362 1397 419 ubstantiam
1426 357 1577 416 diffu-
1651 379 1734 417 am
1748 362 2104 435 Magneticam
2124 400 2137 421 ,
2173 357 2678 436 imponatsuperaci-

538 445 670 504 sam,
707 461 822 517 quae
848 440 1110 516 duplicem
1133 438 1343 493 sortitur
1369 432 1581 491 faculta-

542 535 678 577 tem,
714 513 861 591 quod
886 519 1134 570 nimirum
1196 508 1314 566 olos
1349 508 1473 566 suos
1495 510 1580 565 vel

537 610 692 646 axem
707 586 1001 665 parallelum
1014 605 1134 641 cum
1200 582 1298 640 olis
1322 601 1419 638 axe
1456 600 1582 638 con·

538 664 703 720 servet
714 706 729 727 ,
754 667 806 717 &
830 667 1039 716 unicam
1054 673 1257 715 tantum
1269 654 1584 732 positionem

541 738 623 793 vel
642 734 796 793 situm
820 742 878 791 in
901 736 1106 790 mundo
1130 731 1367 787 obtineat
1386 772 1400 794 ‚
1450 728 1580 788 ficut

538 810 778 868 videmus
804 815 857 863 in
884 807 1125 868 homine,
1166 811 1221 861 in
1247 825 1354 881 quo
1375 823 1487 860 non
1500 805 1578 860 so·

539 883 648 939 lum
663 899 832 959 partes
855 881 973 938 sunt
986 877 1225 938 ordinate
1244 876 1450 953 positae,
1488 877 1580 935 sed

542 964 697 1012 etiam
711 955 779 1012 sic
791 956 1055 1013 collocatae
1067 953 1134 1010 ad
1148 972 1333 1010 tetram
1348 996 1360 1016 ‚
1398 970 1459 1008 ut
1477 953 1577 1009 scil.

542 1047 696 1103 caput
707 1030 774 1087 ad
784 1032 971 1087 coelum
983 1034 1202 1104 erigatur
1214 1070 1227 1089 ‚
1241 1026 1401 1102 pedes
1415 1026 1579 1082 humo

296 1135 485 1189 Quomodo
541 1109 853 1166 innitantur,
891 1109 943 1159 &
979 1119 1089 1159 tota
1126 1106 1360 1176 corporis
1410 1098 1581 1157 forma

293 1190 521 1248 invenimur
543 1180 709 1235 eteista
721 1177 965 1236 subsistat.
1003 1180 1080 1234 Ut
1092 1194 1269 1234 autem
1281 1177 1472 1233 Benev.
1485 1176 1581 1230 Le·

296 1240 493 1288 ²⁰¹“'‘¹¹‘s‘
542 1254 716 1310 &erin
745 1251 980 1329 quolibet
1004 1255 1256 1327 Magnete
1282 1248 1441 1306 Polos
1466 1254 1579 1318 ejus

301 1292 360 1328 vis
380 1290 517 1341 Lapidis
1143 1330 1152 1340 .
1200 1331 1209 1340 .

294 1344 495 1392 Magnenti.
538 1332 780 1385 invenire
800 1326 955 1402 poffit
982 1349 996 1379 ε
1024 1326 1269 1399 Recipiat
1286 1344 1350 1380 ex
1364 1322 1579 1380 horolo-

1638 436 1808 491 culam
1826 450 1885 489 ut
1895 432 2054 489 libere
2063 432 2217 506 poffit
2231 438 2402 509 vagari
2416 475 2429 495 ,
2456 436 2508 487 &
2518 434 2679 508 appli-

1639 528 1722 565 cet
1736 505 2046 582 adlapidem
2061 506 2231 570 illum,
2269 525 2394 563 tunc
2405 524 2526 584 pars
2551 507 2681 582 Sep-

1640 579 1972 640 tentrionalis
2016 582 2172 651 hujus
2221 590 2365 638 Acus
2382 621 2395 644 ,
2428 579 2682 637 indicabit

1641 657 1895 731 punstum
1908 653 2096 729 lapidis
2120 654 2385 717 Australe,
2417 653 2572 711 altera
2594 674 2684 711 au-

1642 746 1750 787 tem
1762 748 1879 805 pars
1889 736 2034 786 Acus
2046 728 2321 799 (Australis
2333 725 2463 798 scil.)
2484 729 2686 785 indica-

1642 803 1719 860 bit
1739 805 1991 878 punstum
2018 800 2447 877 Sepoenttionale
2469 800 2685 877 lapidis:

1644 876 1854 934 Deinde
1865 877 2038 954 potest
2058 876 2190 954 lapis
2207 883 2359 949 juxta
2383 872 2542 932 Polos
2565 875 2688 933 suos

1644 950 1912 1008 mediante
1960 955 2102 1008 Cote
2147 956 2331 1007 exacui
2367 954 2420 1006 in
2459 946 2688 1006 formam

1643 1027 1845 1083 ovalem
1860 1067 1873 1087 ,
1911 1032 2112 1101 eritque
2135 1023 2401 1101 perfestus
2413 1022 2480 1080 ad
2491 1040 2687 1099 praepa-

1642 1120 1731 1156 ran
1739 1098 1866 1155 dum
1879 1097 2000 1153 alias
2013 1119 2133 1156 acus
2148 1104 2482 1176 Magneticas
2498 1121 2510 1152 =
2524 1115 2690 1173 quan-

1641 1173 1714 1230 do
1729 1174 1830 1230 scil.
1845 1171 2014 1246 cuspis
2027 1172 2253 1231 australis
2265 1176 2692 1247 alicujusimprae-

1639 1263 1828 1323 patatae
1854 1254 1999 1304 Acus
2014 1287 2026 1306 ,
2062 1243 2276 1302 fricatur
2312 1246 2444 1303 Polo
2481 1243 2687 1303 Boteali

1638 1324 1911 1399 Magnetis
1926 1346 1938 1377 =
1980 1325 2033 1375 &
2048 1324 2158 1377 vice
2172 1319 2328 1379 versa.

1274 1463 1641 1519 CAPUT
1716 1467 1888 1521 VIII.

629 1599 715 1659 De
746 1592 1056 1686 Diffbremia
1081 1598 1209 1657 inter
1232 1593 1492 1657 Virtutem
1520 1589 1696 1655 Terrae
1724 1589 2129 1675 Confirvativam
2159 1594 2216 1654 {⁴5
2246 1591 2583 1654 Direflivam.

536 1741 758 1922 Μ
774 1744 1032 1815 Agnetica
1056 1742 1219 1795 coitio
1242 1742 1296 1792 in
1320 1735 1424 1795 suis
1446 1739 1587 1813 polis
1639 1738 1874 1804 bertum,
1907 1736 2152 1794 concedit
2164 1734 2383 1814 quidem
2408 1732 2690 1792 Attrafflo-
2707 1751 2872 1794 naaria

774 1814 1137 1871 amicabilibus
1163 1855 1176 1876 ,
1212 1829 1322 1868 non
1372 1809 1585 1889 proprie
1638 1832 1764 1869 nem
1781 1814 1937 1872 hanc.
1977 1830 2068 1888 per
2094 1810 2526 1868 transmissionem
2540 1801 2928 1865 effluam-aiant.

2707 1867 2935 1896 mm-

777 1886 866 1944 sed
882 1885 1173 1963 improprie
1185 1884 1472 1963 appellatur
1484 1894 1582 1944 At·
1635 1893 1708 1945 vii
1720 1885 1833 1943 fieri
1846 1930 1859 1949 ,
1884 1904 1994 1943 non
2005 1901 2181 1943 autem
2230 1905 2286 1942 er
2298 1881 2587 1944 humidam,
2600 1878 2691 1938 sed
2707 1908 2887 1948 me„

534 1962 723 2018 tractio
739 1985 756 2026 ς
782 1965 1012 2037 Magnes
1025 1966 1173 2017 enim
1185 1978 1486 2036 magnetem
1499 1959 1584 2016 vel
1635 1960 1812 2017 saltem
1823 1981 1916 2037 per
1928 1979 2112 2036 puram
2127 1981 2157 2018 e
2218 1965 2328 2019 uvii
2350 1955 2690 2017 tra‘nsmiffio-
2708 1961 2935 2021 1:²2⁷*ss-

530 2034 729 2093 ferrum
740 2034 945 2111 proprie
968 2054 1081 2091 non
1110 2032 1268 2091 trahit
1288 2076 1303 2097 ,
1344 2033 1434 2090 sed
1460 2039 1582 2111 quia
1635 2053 1789 2099 nem,
1821 2053 1931 2110 quo
1953 2041 2203 2091 incitetur
2230 2037 2319 2091 ae’r
2335 2076 2348 2095 ,
2384 2039 2477 2109 qui
2499 2030 2691 2107 impul-
2707 2021 2763 2053 ‘⁸⁸'

533 2116 830 2186 magnetica
853 2116 1015 2167 virtus
1037 2114 1148 2164 coit
1171 2106 1262 2165 seu
1286 2115 1343 2164 in
1380 2105 1578 2165 ferrum

530 2190 692 2241 intrat
717 2225 734 2249 ‚
768 2181 997 2260 ideoque
1041 2201 1209 2239 unum
1243 2181 1312 2238 ad
1359 2182 1580 2240 alterum

531 2257 722 2315 tendit.

604 2313 804 2404 Magn'a
820 2335 995 2403 itaque
1008 2325 1303 2383 differentia
1315 2326 1390 2382 est
1403 2367 1416 2389 ,
1442 2332 1580 2382 inter

530 2408 796 2461 Virtutem
827 2400 1254 2461 Conservativam
1279 2404 1332 2454 ὃς
1358 2399 1581 2456 DireEii-

531 2494 681 2534 vam:
718 2474 814 2531 Illa
829 2516 842 2536 ,
877 2493 1102 2550 corpora
1114 2480 1295 2531 omnia
1307 2491 1417 2529 non
1436 2478 1490 2529 in
1504 2471 1582 2528 lo-

529 2559 605 2608 cis
652 2548 878 2606 olatibus
891 2591 905 2612 ‚
942 2547 1030 2606 sed
1041 2548 1233 2625 ubique
1246 2547 1406 2604 allicit
1419 2549 1501 2604 vel
1514 2561 1585 2604 at-

530 2640 605 2679 tra
650 2629 713 2685 it,
749 2623 966 2679 attraCta
979 2642 1088 2679 non
1105 2629 1472 2685 immutantur,
1493 2620 1584 2677 sed

530 2697 888 2754 conservativa
900 2704 952 2756 vi
970 2712 1217 2754 tenentur
1231 2739 1247 2761 ,
1276 2695 1443 2753 ablata
1456 2695 1582 2753 vero

528 2769 765 2828 feruntur
776 2772 915 2828 recta
928 2773 1067 2827 linea
1080 2787 1268 2828 terram
1280 2769 1452 2829 versus
1465 2787 1580 2826 cen·

528 2846 741 2902 ttaliter.
796 2848 929 2900 Haec
955 2845 1144 2901 contra
1168 2887 1183 2909 ,
1220 2850 1579 2919 magneticum

532 2938 627 2975 cor
667 2937 728 2976 us
746 2935 954 2975 tantum
967 2918 1222 2976 Polariter
1236 2960 1248 2982 ,
1261 2917 1316 2973 id
1329 2917 1405 2974 est
1418 2925 1470 2975 in
1483 2937 1580 2995 po-

439 2994 442 2995 ⁷
527 2993 594 3050 lis
606 2939 797 3050 directe
809 3011 876 3067 ap
919 2992 1104 3057 ellit‚in
1120 2994 1233 3049 aliis
1244 2993 1476 3067 partibus
1487 2991 1580 3049 ob-

528 3065 669 3143 lique
685 3072 737 3122 &
750 3010 1070 3126 tranigerfim
1087 3093 1101 3123 ι
1140 3066 1223 3124 vel
1236 3071 1395 3122 etiam
1408 3072 1576 3123 omni·

529 3157 604 3195 no
617 3141 833 3215 repellit.
872 3147 1052 3198 Virtus
1084 3146 1263 3217 itaque
1289 3140 1570 3198 Conserva-

532 3219 639 3270 tiva
653 3215 732 3269 est
745 3221 1074 3272 coacervatio
1097 3214 1306 3270 Terrae:
1349 3216 1568 3271 Diresti·

529 3304 594 3343 va
607 3286 683 3341 est
696 3293 809 3358 ejus
824 3285 1068 3362 disposito
1084 3292 1137 3342 &
1149 3288 1362 3343 ere&io.-

601 3359 883 3434 Scriptores
904 3367 995 3435 qui
1033 3360 1099 3415 de
1147 3362 1452 3435 Magneticfi
1475 3377 1573 3418 tta·

530 3433 706 3489 &ione
724 3432 1043 3507 scripserunt,
1057 3433 1262 3506 semper
1276 3434 1575 3491 immiscent

533 3507 839 3563 Elestricam
889 3507 1271 3565 Attraffionem
1287 3548 1301 3569 ‚
1339 3527 1462 3563 cum
1499 3526 1575 3565 ta-

535 3597 659 3636 men
700 3599 887 3655 magna
922 3579 984 3638 fit
1022 3576 1331 3636 differentia.
1369 3582 1579 3656 Insuper

541 3652 792 3709 Gilbertus
820 3661 876 3709 in
899 3654 1029 3711 libro
1066 3654 1157 3710 suo
1195 3652 1260 3708 de
1298 3656 1579 3728 Magnete,

535 3724 967 3786 vultzElectricam
980 3726 1357 3785 AtttaCtionem
1370 3726 1483 3783 fieri
1494 3745 1587 3803 per

538 3797 755 3856 effusum
780 3801 1084 3865 humorem,
1123 3804 1174 3855 &
1194 3798 1471 3857 humidum
1495 3819 1583 3875 pe-

537 3891 648 3929 tere
675 3873 979 3941 humidum,
1017 3874 1245 3950 indeque
1284 3871 1478 3931 inferre
1503 3891 1578 3931 at-

535 3948 861 4003 traE'cionem.

295 4063 411 4112 Cam
451 4077 512 4103 aas
610 4019 790 4085 (iibens
823 4036 997 4078 autem
1034 4027 1087 4077 in
1121 4022 1426 4096 ‘Philofhphia
1461 4030 1580 4076 Ma-

294 4078 491 4165 adserebznae
534 4109 666 4170 gnet.
693 4093 779 4149 lib.
798 4117 845 4149 2.
867 4114 963 4172 cap.
985 4118 1071 4151 21.
1109 4093 1442 4172 reprehendit
1468 4094 1575 4150 Gil-

1631 2106 1717 2165 sus
1741 2119 2025 2165 revertatur
2048 2106 2191 2184 quafi
2214 2112 2269 2163 in
2291 2123 2480 2182 gyrum
2517 2105 2691 2165 versus

1632 2179 1879 2238 elefittum
1895 2224 1909 2245 ,
1936 2186 1988 2237 &
1997 2182 2173 2238 secum
2187 2188 2353 2257 rapiat
2366 2176 2688 2257 corpuscula3

1636 2259 1688 2309 &
1699 2253 1931 2330 denique
1944 2256 2025 2310 his
2039 2255 2210 2314 verbis
2221 2253 2507 2312 concludit.
2558 2262 2683 2312 Dico

1636 2333 1808 2401 igitur,
1825 2348 1892 2383 ex
1903 2329 2163 2396 elec‘lrofeu
2177 2327 2390 2401 quolibet
2400 2343 2591 2405 corpore
2602 2343 2683 2385 at-

1638 2402 1864 2454 trahente
1884 2400 2106 2455 elec‘lric&
2120 2442 2134 2463 ,
2170 2401 2358 2474 quando
2358 2400 2430 2470 fic
2453 2406 2685 2464 attrahit,

1640 2474 1835 2549 effluere
1874 2475 2123 2548 effluvium
2160 2474 2473 2547 tenuifflmum
2497 2517 2511 2538 ,
2557 2473 2692 2549 quod

1640 2550 1801 2603 obrem
1815 2561 2036 2603 attenuat
2050 2549 2110 2611 ξς
2124 2546 2322 2618 disjicit
2337 2590 2352 2611 ‚
2386 2549 2486 2606 imb
2513 2554 2690 2604 incita-

1643 2621 1810 2693 ttfflme}
1829 2627 1897 2678 im
1931 2623 2079 2686 ellit3
2116 2637 2221 2677 tum
2246 2623 2371 2678 vere>
2405 2636 2693 2678 attenuatus

1647 2697 1707 2757 ξς
1717 2697 1874 2772 impul
1889 2716 1946 2751 us
1959 2702 2045 2751 αέν
2057 2702 2333 2752 revertitur
2339 2693 2410 2751 ad
2418 2713 2585 2771 corpus
2597 2697 2695 2752 ele·

1643 2770 1862 2834 ibicum,
1883 2772 2143 2843 secumque
2168 2770 2265 2826 unci
2288 2775 2424 2897 repoit
2434 2771 2608 2846 paleas
2633 2771 2696 2833 69·

1642 2861 1927 2917 quaecunque
1942 2841 2317 2919 obvia-corpuscu
2338 2864 2382 2898 a.

1715 2920 1776 2971 In
1792 2916 1977 2973 eadem
1993 2913 2104 2972 fere
2123 2916 2382 2974 sententia
2391 2915 2470 2973 est
2492 2917 2702 2972 Kirche-·

1638 3009 1726 3045 rus
1747 2995 1800 3045 in
1820 2988 1950 3047 libro
1991 2987 2051 3045 de
2084 3001 2203 3046 Arte
2235 3000 2463 3065 Magnet.
2485 3004 2618 3066 part.
2642 3012 2686 3061 3.

1637 3084 1690 3118 ca
1722 3105 1734 3118 .
1755 3085 1799 3132 3.

1680 3080 1810 3193 pSed
1835 3156 1966 3200 nos,
1988 3145 2108 3213 qui,
2145 3145 2202 3194 in
2240 3134 2576 3196 antecedenti
2600 3157 2687 3196 ca·
2731 3146 2886 3212 mog-te

1633 3215 1742 3286 pite
1757 3209 2087 3268 denominati
2098 3210 2240 3286 globi
2249 3212 2522 3287 Sulphurei
2531 3227 2685 3270 attra-
2698 3198 2923 3292 w*

1634 3285 1866 3340 &ionem
1889 3326 1905 3348 ,
1945 3285 2170 3342 eandem
2198 3303 2320 3343 cum
2344 3285 2590 3342 Elestrica
2611 3284 2683 3343 as·
2702 3303 2922 3344 amm

1632 3357 1886 3415 sumimus
1925 3364 1977 3414 &
2000 3378 2067 3415 ex
2095 3365 2289 3418 virtute
2313 3360 2683 3419 Conservativa

1634 3428 1737 3488 esse
1762 3433 1844 3488 vel
1868 3439 1990 3490 oriri
2011 3441 2334 3509 percipimus
2348 3477 2360 3496 ‚
2383 3453 2494 3490 non
2516 3431 2682 3510 poffu·

1633 3523 1754 3561 mus
1779 3506 2064 3576 concedere
2091 3549 2105 3570 ,
2140 3506 2278 3564 hanc
2317 3508 2681 3566 attrastionem

1635 3578 1906 3636 mediante
1919 3583 2035 3638 abre
2047 3580 2172 3645 fieri,
2183 3588 2304 3659 quia
2317 3587 2680 3657 experimenta

1635 3650 1910 3711 oculariter
1934 3654 2248 3719 monstrant,
2285 3656 2426 3712 hunc
2458 3652 2680 3731 Sulphu-

1637 3745 1784 3782 reum
1801 3726 2034 3784 Globum
2059 3730 2354 3799 (attritione
2376 3743 2528 3785 antea
2539 3733 2677 3784 exci-

1634 3804 1826 3867 tatum)
1851 3801 1992 3858 suam
2018 3822 2233 3879 quoque
2254 3811 2499 3859 virtutem
2509 3819 2603 3875 per
2615 3800 2677 3856 fi·

1634 3871 1744 3929 lum
1757 3873 1986 3938 lineum,
2021 3875 2193 3933 ulnam
2219 3874 2645 3951 &ultralongum
2662 3915 2676 3933 .

1633 3946 1779 4022 poffe
1793 3966 2032 4004 exercere
2043 3992 2056 4013 ,
2095 3955 2146 4005 &
2160 3947 2227 4003 ibi
2241 3949 2434 4025 aliquid
2446 3947 2669 4005 attrahe·

1631 4040 1686 4075 re
1701 4046 1716 4085 ;
1733 4025 1814 4079 De
1825 4020 2014 4098 quibus
2025 4023 2201 4098 postea
2211 4029 2365 4099 capite
2377 4022 2567 4083 scilicet
2584 4045 2606 4078 1
2620 4043 2666 4088 5.

1629 4102 1767 4151 artic.
1782 4118 1823 4163 3.
1855 4118 1980 4151 num.
1997 4118 2043 4162 4.

2529 4317 2658 4374 CA-
