3068 4718
1352 247 1942 309 PRAEFArro

589 363 650 425 in
661 360 830 427 citata
852 358 1104 446 appendice
1119 358 1277 427 Artis
1285 354 1367 417 H
1357 355 1933 442 ydraulico‘pneumaticae
1944 349 2196 440 expreffe
2209 353 2710 427 denominatorum

590 456 668 519 R.
681 457 756 518 R.
768 457 996 518 Patrum
1010 453 1071 515 &
1089 447 1463 513 Profefforum
1474 441 1827 525 objectiones
1851 442 2290 535 expenduntur)
2301 448 2583 537 corrigere
2607 469 2706 519 aut

592 547 836 613 refutare
848 539 1020 611 volui.
1044 543 1338 607 Hocenim
1350 541 1482 604 cum
1497 538 1787 628 prolixum
1799 540 1966 604 nimis
1980 561 2044 602 ac
2059 537 2394 605 maioribus
2410 541 2704 610 taediosum

591 635 771 703 foret:
798 659 977 726 quum
989 658 1063 699 ex
1072 630 1338 721 acquisita
1353 629 1594 720 pleniori
1608 633 1958 718 experientia
1982 654 2047 695 ac
2056 628 2281 698 scientia
2297 680 2314 712 ,
2332 656 2533 699 omnes
2547 680 2567 709 ,
2596 638 2697 724 qui

594 727 713 793 aliis
723 728 1129 820 praeconceptis.
1148 725 1519 813 opinionibus
1539 747 1660 789 non
1688 719 1950 789 laborant
1969 773 1985 804 ‚
2007 722 2103 789 sed
2131 721 2376 811 seposito
2403 729 2567 792 omni
2579 725 2705 794 fini-

596 819 710 885 stro
729 820 964 901 affectu,
1008 819 1421 907 Experimenta
1446 817 1595 884 redte
1618 816 1969 906 cognoscunt
1997 819 2058 883 8<
2087 820 2249 906 aequa
2275 821 2522 884 veritatis
2546 818 2708 888 lance

598 915 952 1000 ponderant,
981 910 1055 976 ab
1065 913 1385 976 inveteratis
1408 908 1499 976 vel
1522 908 1666 975 male
1688 911 1980 997 conceptis
1993 910 2276 998 ejusmodi
2291 912 2710 1002 imaginationi-

598 1004 734 1086 bus,
755 1027 1019 1071 revocare
1052 1002 1232 1091 poffit.
1284 1002 1408 1067 Ubi
1433 1005 1588 1068 enim
1613 1025 1802 1067 rerum
1824 1001 2386 1085 testimoniaadsunt‚
2413 1025 2535 1068 non
2564 1028 2712 1094 opus

595 1097 673 1162 est
688 1097 890 1164 verbis.
920 1099 1142 1160 Contra
1155 1098 1486 1187 Negantem
1502 1112 1694 1160 autem
1709 1096 2107 1181 Experientias
2120 1094 2429 1184 palpabiles
2441 1099 2504 1162 &
2515 1114 2710 1180 certas,

592 1212 711 1254 non
727 1189 805 1254 est
817 1187 1218 1276 disputandum
1232 1209 1328 1254 aut
1339 1186 1554 1252 bellurn
1570 1185 1982 1274 suscipiendum
2002 1215 2020 1266 3
2047 1188 2224 1254 servet
2248 1186 2351 1253 fibi
2378 1213 2554 1277 quam
2583 1187 2707 1256 vult

589 1283 1034 1371 opinionem,&
1051 1279 1340 1356 tenebras,
1368 1302 1502 1346 cum
1527 1279 1693 1368 talpis
1705 1278 1957 1346 sectetur.
2008 1277 2425 1346 Mathematica
2458 1305 2710 1373 namque

590 1372 953 1462 Philosophia
969 1422 987 1453 ,
1006 1396 1126 1437 non
1139 1373 1342 1438 militat
1356 1373 1451 1438 sed
1462 1371 1775 1462 triumphat
1792 1417 1811 1446 ‚
1850 1375 2030 1460 inque
2055 1374 2182 1438 otio
2196 1373 2552 1461 pacatiffimae
2566 1376 2708 1442 veri-

587 1470 714 1531 tatis
723 1464 966 1533 consistit
1003 1490 1020 1528 .·
1050 1469 1284 1530 Caeterae
1305 1466 1539 1556 quidem
1555 1467 1813 1531 humana:
1828 1463 2204 1553 Philosophiae
2214 1482 2421 1554 parteS‚
2439 1463 2710 1556 discepta·

587 1562 747 1624 toriae
763 1558 920 1637 sunt,
942 1559 1075 1644 quia
1086 1557 1336 1623 evidenti
1362 1559 1704 1624 certitudine
1715 1576 1904 1624 carent
1917 1608 1936 1638 ,
1978 1561 2093 1647 qua
2117 1558 2548 1624 Mathematicae
2577 1555 2708 1650 pol-

586 1647 726 1715 lent.
772 1651 917 1724 Quo
937 1648 1004 1713 fit
1019 1670 1082 1713 ut
1098 1648 1377 1715 humanus
1390 1653 1628 1730 animus,
1640 1649 1942 1737 postquam
1954 1652 2057 1714 diu
2070 1649 2349 1716 aberravit
2360 1696 2380 1726 ‚
2392 1674 2495 1740 per
2507 1650 2708 1717 huma-

585 1765 784 1807 narum
796 1739 1210 1830 disciplinarum
1228 1740 1729 1832 Encyclopaediam
1746 1787 1764 1820 ‚
1808 1743 2042 1806 tandem
2069 1744 2129 1804 in
2141 1739 2258 1806 sola
2266 1742 2708 1811 Mathematica-

580 1859 706 1901 rum
720 1834 1054 1900 certitudine
1064 1835 1443 1923 conquiescat.

651 1928 837 2006 Qod
853 1929 1054 1991 attinet
1066 1950 1244 2015 genus
1255 1927 1487 1994 dicendi
1498 1929 1558 1992 in
1572 1928 1687 1993 hoc
1702 1928 2087 2010 traciatumon
2098 1925 2179 1992 est
2195 1925 2337 1992 illud
2346 1926 2419 1992 ad
2429 1925 2706 2017 eloquen-

579 2021 719 2084 tiam
731 2037 828 2083 aut
857 2017 1160 2083 verbor-um
1173 2015 1513 2109 elegantiam
1530 2019 1910 2108 compositum
1940 2047 1954 2085 τ
1980 2020 2258 2108 proinde,
2285 2017 2328 2084 fi
2355 2019 2496 2109 quid
2509 2022 2571 2084 in
2583 2044 2706 2086 ver·

578 2109 663 2176 bis
677 2129 968 2200 peccatum
977 2107 1074 2184 sit,
1101 2112 1292 2197 potius
1307 2108 1514 2176 vellem
1540 2111 1753 2200 ignosci
1781 2117 1949 2199 :quia
1964 2136 2050 2175 res
2076 2114 2409 2199 quaerimus,
2435 2135 2558 2178 non
2582 2136 2703 2179 ver-

577 2201 652 2269 ba
666 2253 683 2284 ,
705 2203 831 2293 quae
843 2200 1033 2267 saltem
1059 2200 1226 2266 rebus
1237 2202 1554 2268 deserviunt
1565 2247 1584 2278 ‚
1621 2225 1742 2268 non
1755 2227 1894 2268 vero
1915 2226 2001 2267 res
2014 2202 2213 2269 verbis,
2260 2205 2480 2291 Neque
2500 2206 2700 2271 omnia

578 2296 764 2360 verbis
789 2291 1024 2361 describi
1060 2293 1183 2358 satis
1209 2313 1523 2382 potuerunt
1543 2341 1560 2372 ,
1603 2293 1699 2358 sed
1738 2293 2029 2359 brevitatis
2061 2292 2229 2361 causa
2260 2292 2452 2383 saepius
2481 2292 2695 2378 multa,

577 2387 670 2452 vel
683 2388 1031 2464 omittenda,
1054 2384 1146 2448 vel
1172 2388 1244 2448 ad
1268 2407 1640 2449 communem
1651 2383 1931 2471 loquendi
1951 2384 2425 2450 consuetudinem
2457 2385 2698 2454 dicenda

574 2476 807 2543 filerunt
823 2527 842 2556 ,
854 2474 1166 2541 secundum
1177 2474 1318 2541 illud
1333 2474 1701 2565 proverbium
1714 2495 1902 2540 vetus:
1943 2475 2275 2563 Loquendum
2288 2476 2387 2564 effe
2396 2501 2506 2541 cum
2515 2480 2702 2560 multis,

561 2570 877 2656 sentiendum
890 2592 999 2631 cum
1016 2573 1195 2653 paucis.

670 2666 749 2728 Et
775 2683 1124 2748 quamquam
1143 2660 1257 2725 hoc
1270 2683 1418 2749 opus
1428 2663 1549 2749 jam
1566 2678 1702 2728 ante
1731 2660 1837 2725 hos
1861 2658 2076 2748 septem
2103 2682 2307 2739 annos,
2352 2677 2418 2725 ut
2443 2659 2692 2744 distum,

578 2748 612 2816 εἰ
627 2777 719 2818 me
739 2751 847 2818 fuit
860 2751 1180 2817 absolutum
1195 2802 1213 2834 ,
1241 2770 1431 2818 tamen
1446 2799 1466 2828 ,
1496 2757 1702 2844 partim
1714 2751 1922 2819 morbo
1936 2802 1956 2833 ,
1983 2754 2186 2842 partim
2202 2751 2319 2818 aliis
2345 2777 2421 2818 ex
2437 2751 2553 2818 aliis
2565 2753 2691 2819 sub-

575 2846 712 2911 inde
724 2844 962 2933 objeffis
988 2847 1229 2934 negotiis
1244 2894 1262 2926 ,
1287 2845 1360 2910 ab
1384 2846 1641 2913 editione
1653 2848 1759 2911 hac
1781 2847 1865 2913 fui
1892 2843 2199 2932 impeditus
2215 2893 2235 2924 ,
2256 2848 2319 2910 &
2351 2844 2537 2932 ipsum
2549 2869 2694 2934 quo-
2723 2908 2731 2916 ,

467 2953 471 2955 “
576 2962 691 3026 que
729 2961 875 3026 opus
904 2938 1116 3002 diutius
1152 2941 1212 3001 in
1241 2935 1482 3003 obsturo
1534 2938 1836 3004 delituisset
1861 2987 1881 3015 ,
1919 2934 2022 2999 nifi
2048 2938 2260 3025 Magni
2283 2936 2518 3025 quidam
2548 2939 2694 3018 Viri,

575 3052 708 3094 cum
723 3031 983 3095 Luciano
992 3073 1011 3103 ,
1026 3030 1371 3118 Sapientiam
1384 3026 1539 3096 illam
1552 3055 1678 3120 quae
1694 3055 1770 3096 ex
1783 3027 1907 3094 solis
1928 3026 2081 3091 libris
2105 3029 2356 3103 hauritur
2366 3025 2522 3095 nulla
2535 3053 2691 3096 acce-

576 3121 750 3186 dente
776 3123 1148 3210 Experientifi
1167 3121 1527 3188 miserrimam
1556 3123 1887 3199 statuenteS,
1914 3142 2007 3183 me
2033 3122 2111 3184 ita
2135 3120 2493 3201 cm&antem
2521 3138 2691 3186 retra‘

575 3214 1105 3292 xiffent,hortantes
1120 3235 1183 3279 ut
1195 3216 1339 3280 hanc
1350 3238 1585 3304 operam
1611 3215 1686 3280 ad
1701 3235 2070 3278 communem
2097 3211 2400 3278 utilitatem
2429 3212 2692 3301 conferre

577 3304 789 3369 diutius
799 3327 917 3368 non
931 3304 1233 3370 recusarem
1260 3333 1275 3370 ε
1321 3314 1591 3384 Quorum
1605 3309 1776 3372 etiam
1787 3302 2072 3369 desideriis
2084 3306 2294 3370 diutius
2315 3304 2498 3371 deesse
2510 3301 2690 3371 nolui.

671 3399 830 3460 Sicut
856 3417 1043 3460 autem
1063 3400 1257 3463 omnia
1283 3398 1550 3463 omnibus
1582 3422 1701 3464 non
1727 3395 1979 3486 placent,
1999 3398 2077 3461 ita
2099 3396 2268 3465 facile
2297 3396 2690 3483 conje&uran-

580 3489 739 3568 dum,
751 3488 908 3576 quod
919 3511 1039 3553 non
1050 3485 1295 3553 defuturi
1307 3487 1411 3555 finr
1429 3489 1769 3563 Adversarii,
1776 3490 1942 3577 juxta
1954 3484 2095 3554 illud
2110 3488 2476 3578 proverbium
2489 3489 2687 3555 :Nam

566 3578 671 3665 fibi
675 3579 961 3668 persuadeat
972 3582 1112 3645 aliter
1126 3630 1144 3662 ,
1168 3605 1311 3668 quam
1324 3581 1454 3667 quod
1459 3579 1781 3666 habiturusfit
1790 3586 1995 3646 inimicos
2008 3585 2066 3647 et
2080 3582 2298 3664 amalos,
2326 3586 2685 3670 quotiescunque

583 3675 799 3736 trasiare
806 3676 986 3761 cogitat
998 3696 1175 3762 magna
1185 3679 1385 3760 negotia.

678 3763 775 3826 Est
788 3764 1021 3851 quidem
1045 3772 1072 3851 (
1083 3781 1141 3827 ur
1164 3788 1270 3827 cum
1293 3766 1478 3828 Seneca
1506 3761 1720 3853 loquar)
1746 3786 1919 3830 nemo
1946 3762 2288 3830 Mortalium
2306 3813 2325 3847 ‚
2364 3785 2537 3851 quern
2562 3784 2687 3827 non

587 3849 772 3940 aliqua
801 3878 922 3941 pars
948 3858 1308 3943 ignorantiae,
1343 3857 1622 3946 attingat3
1647 3857 1772 3920 hanc
1793 3862 2120 3948 contagionem
2155 3881 2225 3921 ex
2258 3853 2359 3941 ipſsa
2385 3854 2690 3919 mortalitate

589 3951 853 4010 traximus.
910 3945 1064 4010 Nam
1088 3948 1222 4010 homo
1247 3973 1353 4012 cum
1363 3967 1497 4012 errat
1512 3992 1533 4022 ‚
1555 3947 1831 4014 humanitus
1855 3969 2018 4030 errat,
2039 3970 2249 4014 errorem
2268 3965 2432 4010 autem
2445 3947 2689 4011 inhomiroe

588 4039 894 4108 calumniari,
918 4039 985 4121 est
997 4040 1093 4123 ipfi
1101 4041 1387 4103 mortalitati
1398 4044 1660 4103 convicium
1658 4039 1826 4124 facere
1840 4088 1857 4119 ,
1885 4043 1996 4106 ἃς.

682 4129 855 4192 Unde
869 4151 986 4192 non
1002 4130 1316 4215 putandum
1331 4153 1659 4218 quenquam
1673 4133 1822 4197 adeo
1830 4129 2055 4200 felicem
2069 4133 2193 4198 fore
2207 4178 2224 4209 ,
2235 4131 2335 4218 qui
2347 4152 2496 4218 opus
2507 4126 2688 4218 quod-

586 4215 716 4281 dam
732 4217 939 4307 absque
952 4223 1111 4286 omni
1145 4245 1332 4288 errore
1359 4223 1524 4287 edere
1551 4222 1739 4311 poffit.
1777 4229 1906 4291 Imo
1934 4226 2073 4291 dum
2098 4244 2517 4314 nonnunquam
2542 4240 2691 4286 erro-

2603 4331 2689 4378 res
