3068 4718
1080 225 1193 278 ΒΕ
1248 222 1975 277 νΑουοςΡΑτιο.

413 338 578 376 unum
594 318 796 375 &idem
815 362 826 381 ,
862 320 944 376 hic
959 317 1059 375 esse
1072 363 1086 382 ,
1123 336 1212 376 aut
1227 338 1319 394 per
1330 317 1446 374 infi-

409 399 545 450 nitas
571 394 861 448 milliarium
891 392 1152 467 myriadas
1176 390 1324 455 alibi;
1358 410 1447 446 ne·

407 486 512 543 que
526 473 734 538 juvaret
769 467 1023 538 ejusmodi
1060 473 1242 540 ingens
1280 464 1445 519 discri-

406 558 559 601 men,
597 554 829 602 tantum,
865 556 1117 616 quantum
1141 537 1444 613 unicuspas-

405 612 489 669 sus
515 612 581 667 ad
602 618 700 667 iter
722 618 777 668 in
801 618 975 669 Indias
996 610 1292 668 faciendum
1309 652 1322 672 ,
1355 609 1443 665 sed

404 686 565 740 Terra
604 682 729 741 esset
765 706 877 743 uno
916 684 1210 759 eodemque
1237 685 1443 759 Spano,

403 757 503 813 hoc
516 757 593 813 est
619 758 826 815 Nullibi.

160 847 295 887 coelum
306 846 379 885 Tel-

156 903 257 937 Μ’·
402 903 485 959 cul
503 903 661 960 dubio
699 907 779 975 (ut
792 922 883 980 cap.
909 925 950 968 5.
979 904 1155 958 difflant
1182 907 1269 968 est)
1312 901 1442 956 nihil

402 978 541 1034 aliud
555 984 653 1032 erit
666 1021 678 1039 ,
692 979 847 1053 quam
864 976 998 1032 istud
1011 975 1302 1052 Expansum
1321 976 1438 1049 Spa·

399 1056 529 1104 tium
547 1091 560 1111 ,
602 1050 747 1125 quod
769 1051 950 1106 Tellus
965 1093 980 1114 ,
1014 1053 1121 1105 una
1143 1068 1264 1104 cum
1288 1048 1442 1103 Socia

1466 328 1472 346 i

1463 652 1468 709 1

1463 716 1468 742 1

2468 241 2534 301 ⁶9

1504 315 1628 371 esset
1652 317 1930 373 secundum
1957 316 2099 392 vulgi
2137 324 2443 392 opinionem
2478 326 2534 375 in

1502 389 1650 445 Coelo
1677 431 1691 452 ‚
1762 390 1867 447 uasi
1890 391 2009 447 loco
2039 392 2416 469 circumscripto
2452 393 2533 451 vel

1498 460 1677 527 finito;
1739 483 2012 540 equeretur
2025 465 2169 540 quod
2197 467 2338 523 Deus
2348 467 2531 522 melio-

1496 540 1566 590 ris
1581 543 1693 606 jam
1710 535 1770 592 sit
1790 539 2115 593 conditionis
2139 543 2190 592 &
2215 537 2369 594 ditior
2394 539 2532 614 quasi

1495 603 1685 671 fastus,
1724 617 1959 685 quiajam
1984 609 2195 667 haberet
2218 612 2419 667 Coelum
2444 613 2530 669 seu

1495 681 1773 738 Thronum
1808 685 2100 750 Maiestatis
2123 727 2136 747 ,
2186 704 2341 760 quem
2376 701 2530 741 antea

1463 746 1605 808 {non
1644 755 1915 826 habuisset)
1962 758 2047 813 sed
2087 761 2229 813 Deus
2253 757 2399 834 ipse:
2436 765 2527 832 qui

477 831 873 908 Coelumitaque
885 829 1112 886 Telluris
1130 829 1314 885 nostrae
1326 817 1467 902 pro-!
1498 830 1670 883 Deum
1696 830 2004 886 clementem
2032 830 2244 887 habebit
2266 874 2280 894 ,
2319 830 2528 887 habebit

1493 919 1563 955 un
1573 900 1600 954 a
1615 902 1834 958 Coelum.

1575 974 1782 1031 Coelum
1812 995 1971 1051 porro
1993 984 2156 1032 totius
2175 976 2371 1032 Mundi
2383 978 2531 1054 quod
2580 989 2691 1045 Qu
2701 1003 2776 1035 coe.

1494 1054 1682 1103 attinet
1694 1090 1707 1108 ‚
1728 1049 1803 1104 est
1824 1051 2058 1123 Spatium
2072 1050 2200 1107 illud
2212 1056 2343 1109 inter
2352 1058 2532 1111 omnia
2555 1042 2773 1088 '‘mmm''

396 1124 546 1178 Luna
560 1164 575 1186 ‚
611 1124 942 1200 &quousque
956 1142 1130 1179 earum
1144 1127 1359 1178 virtutes
1370 1122 1440 1177 se·
1495 1119 1650 1193 hujus
1680 1122 1877 1178 Mundi
1897 1141 2114 1198 corpora
2126 1125 2499 1183 intermedium
2518 1170 2533 1192 ,

394 1196 445 1251 se
469 1203 602 1252 intra
629 1202 845 1253 Veneris
869 1202 922 1251 δι
948 1200 1140 1252 Martis
1163 1195 1344 1252 Coelos
1354 1215 1440 1250 ex-

396 1268 624 1324 tendunt
636 1312 649 1332 ,
686 1275 818 1326 circa
827 1270 1005 1326 Solem
1019 1286 1261 1343 occupat.

467 1343 804 1399 Sicut'autem
815 1345 1047 1419 Spatium
1061 1345 1176 1414 (seu
1191 1385 1205 1405 ‚
1230 1347 1439 1396 Univer-

379 1416 490 1484 sale
501 1414 635 1470 illud
660 1426 871 1472 omnium
884 1438 1047 1472 rerum
1060 1416 1344 1485 continens)
1366 1414 1443 1469 est

390 1493 687 1545 increatum
699 1490 828 1566 quid
843 1534 858 1556 ,
891 1491 1196 1567 semperque
1211 1490 1241 1545 a
1254 1496 1353 1561 maj
1360 1494 1439 1543 ori

390 1561 452 1618 fit
475 1563 838 1621 denominatio
856 1607 870 1628 ,
905 1564 974 1620 fic
995 1572 1048 1619 in
1076 1570 1303 1620 maxima
1327 1562 1438 1619 alti-

389 1635 576 1691 tudine
588 1679 602 1698 ,
641 1657 749 1712 quo
766 1640 1183 1711 majusSpatium
1197 1644 1437 1712 concipe·

391 1727 444 1764 re
457 1707 727 1783 possumus
739 1753 753 1772 ‚
791 1712 859 1766 eo
871 1717 1034 1786 magis
1045 1713 1226 1766 natura
1235 1753 1248 1771 ,
1265 1713 1440 1764 Deum

392 1781 463 1839 ibi
475 1783 813 1858 intelligimus
827 1809 842 1848 ς
877 1785 1040 1840 Unde
1052 1783 1178 1840 Psal.
1194 1782 1442 1857 Quisficut

393 1868 527 1910 Deus
560 1859 714 1921 noster
737 1865 822 1929 qui
844 1865 898 1911 in
922 1860 1041 1911 altis
1072 1857 1265 1919 habitat
1282 1869 1304 1908 .>
1338 1860 1435 1908 &c.

144 1923 369 2014 ’,ἔψεξε
392 1928 700 2003 Omnesque
723 1928 929 1984 Barbari
957 1971 971 1992 ,
1007 1933 1123 1994 teste
1149 1930 1404 1991 Aristotele
1421 1969 1435 1988 ,

142 1990 343 2066 „1222ss
390 2002 575 2057 natura
586 1999 881 2077 supremum
899 2002 1214 2058 Coelilocum
1226 2003 1348 2055 Deo
1360 2016 1434 2056 at·

142 2078 322 2117 “Wu-
390 2077 709 2139 tribuerunt,
746 2075 1020 2131 &Coelum
1036 2094 1132 2151 pro
1161 2079 1279 2130 Deo
1300 2075 1433 2129 sum-

143 2136 236 2169 m*
386 2148 560 2206 serunt
571 2148 837 2208 dicentes:
875 2151 1048 2205 Coelum
1074 2153 1245 2217 testor3
1280 2152 1432 2206 Invo-

388 2223 670 2300 camusque
717 2230 774 2281 in
832 2223 1096 2281 Oratione
1155 2226 1436 2279 Dominica

392 2304 568 2354 Deum
580 2302 785 2356 Patrem
799 2300 1034 2355 nostrum
1050 2304 1131 2372 qui
1140 2301 1205 2362 esi
1216 2305 1268 2352 in
1280 2298 1435 2360 Caelis,

1459 1236 1466 1352 1

1455 2018 1462 2102 Ξ

1453 2111 1461 2188 1

1493 1195 1642 1269 quod
1655 1213 1775 1251 ante
1797 1197 1991 1252 Mundi
2008 1203 2325 1253 creationem
2354 1209 2531 1257 conci-

1494 1273 1669 1341 pimus
1681 1275 1919 1326 Vacuum
1931 1268 2078 1327 fuiffe
2095 1312 2108 1329 ‚
2140 1277 2243 1339 jam
2260 1274 2383 1328 vero
2398 1277 2529 1330 Cor‘-

1530 1342 1710 1399 oribus
1732 1344 2027 1400 Mundanis
2052 1343 2229 1419 aliquo
2255 1346 2418 1404 modo
2455 1369 2531 1403 re-

1518 1433 1688 1472 ertum
1699 1441 1715 1481 ς
1753 1423 1827 1472 ita
1837 1434 1895 1473 ur
1905 1418 2110 1473 cuilibet
2122 1419 2209 1474 tali
2221 1427 2446 1493 corpori,
2458 1429 2533 1477 in·

1493 1496 1643 1546 terim
1668 1510 1880 1566 quoque
1913 1492 2060 1547 suum
2097 1492 2376 1566 assignetur
2411 1494 2532 1549 Coe-

1494 1563 1605 1619 lum
1619 1567 1700 1620 vel
1712 1566 1947 1640 Spatium
1962 1608 1974 1627 ,
2009 1565 2388 1642 consequenter
2409 1566 2534 1623 Tel-

1495 1639 1593 1692 luri
1606 1679 1619 1698 ,
1658 1637 1784 1692 illud
1798 1643 1933 1693 intra
1944 1642 2172 1694 Martem
2189 1645 2242 1695 &
2254 1646 2530 1697 Venerem.

1569 1709 1682 1765 Nec
1693 1709 1992 1767 dubitamus
2006 1754 2019 1773 ,
2029 1720 2156 1786 quin
2170 1713 2402 1786 Spatium
2416 1715 2536 1780 hoc,
2562 1719 2766 1780 Magnftffl

1496 1798 1581 1837 tot
1596 1785 1839 1838 homines
1851 1801 2117 1859 quotquot
2131 1803 2282 1841 erunt
2297 1830 2310 1848 ‚
2330 1788 2445 1844 satis
2459 1809 2538 1846 ca·
2563 1775 2647 1860 ΞΫ
2668 1773 2778 1809 m*

1492 1874 1619 1930 pere
1655 1856 1809 1928 poffit
1834 1879 1847 1917 ;
1883 1859 2083 1911 constat
2107 1864 2252 1912 enim
2282 1879 2348 1913 ex
2383 1861 2466 1914 lib.
2485 1879 2533 1918 6.

1493 1943 1588 2001 cap.
1613 1950 1693 1995 13.
1732 1931 1964 1982 Martem
1990 1929 2019 1983 a
2046 1930 2169 1984 Sole
2181 1929 2372 1991 distare
2399 1957 2528 2004 3739

1488 1999 1665 2055 semid.
1683 2003 1830 2056 Terr.
1858 2003 1995 2077 Ergo
2018 2005 2145 2074 (cum
2159 2007 2535 2076 Sphaeraelecun-

1488 2080 1606 2128 dum
1641 2074 1832 2129 Euclid.
1842 2076 1949 2145 fint
1971 2083 2105 2130 inter
2111 2082 2173 2145 se
2194 2083 2247 2131 in
2283 2082 2535 2155 triplicata

1488 2154 1890 2219 rationesuarum
1915 2149 2261 2206 diametrorum
2298 2157 2359 2217 δ’
2381 2157 2534 2224 ftmi·

1487 2219 1872 2294 diametrorum)
1899 2225 2107 2300 Sphaera
2153 2235 2331 2302 magni
2369 2227 2536 2286 Orbis

1485 2299 1676 2353 Martis
1699 2304 1970 2354 continere
1995 2300 2170 2373 potest
2207 2321 2272 2365 52
2289 2322 2384 2366 271
2406 2318 2534 2366 672-

392 2371 449 2428 id
475 2372 574 2432 est,
629 2379 720 2449 qui
755 2373 862 2448 ipse
898 2373 1109 2428 Coelum
1147 2372 1224 2428 est
1271 2364 1460 2442 (Nami
1487 2391 1591 2438 419
1608 2372 1903 2428 Terrestres
1915 2373 2129 2449 globos:
2171 2378 2431 2432 Venerem
2445 2394 2532 2432 ve-

398 2450 574 2503 Deum
590 2453 644 2501 in
659 2448 823 2502 Coelis
842 2445 983 2522 quasi
1006 2453 1059 2500 in
1080 2445 1202 2498 loco
1224 2443 1462 2504 circum-¹„=
1490 2445 1549 2498 to
1564 2444 1749 2500 distare
1776 2468 1907 2514 2049
1934 2447 2115 2504 semid.
2165 2449 2302 2523 Ergo
2326 2448 2532 2525 Sphaera

395 2518 587 2594 scripto
599 2520 690 2575 seu
703 2518 999 2576 habitaculo
1014 2518 1190 2592 aliquo
1204 2513 1306 2571 effe
1320 2559 1334 2579 ,
1357 2517 1441 2572 ali·
1458 2515 1465 2572 ἱ
1491 2522 1667 2590 magni
1680 2518 1841 2573 Orbis
1855 2526 1969 2575 Ven
1977 2531 2082 2576 eris
2100 2561 2113 2582 ‚
2141 2528 2413 2578 continere
2434 2540 2531 2595 po-

396 2609 474 2648 ter
485 2594 704 2656 scimus;
742 2600 940 2652 etenim
955 2590 1088 2646 Coeli
1103 2590 1367 2647 Coelorum
1380 2590 1439 2645 il-

395 2669 506 2723 lum
531 2687 642 2723 non
668 2685 855 2741 capere
877 2663 1110 2743 possunt)
1148 2670 1200 2719 &
1221 2664 1434 2740 quidem

395 2760 581 2796 eorum
594 2748 751 2816 quiin
767 2747 878 2811 ejus
888 2740 1048 2816 gratia
1056 2741 1202 2802 sunt3
1237 2743 1327 2813 qui
1350 2757 1437 2793 ve—

143 2819 257 2873 ,Qu
267 2817 374 2870 nfer-
394 2814 454 2870 ro
466 2831 612 2870 extra
626 2821 739 2887 ej‘us
761 2819 978 2890 gratiam
991 2856 1004 2875 ‚
1041 2809 1433 2868 istorum'lnfer-

150 2886 215 2911 ''¹‘'
231 2879 264 2910 ⁸·
392 2907 492 2945 nus
505 2888 610 2951 est,
648 2890 776 2946 dum
787 2893 991 2946 aeternis
1013 2886 1239 2944 tenebris
1258 2891 1434 2961 oppri-

394 2982 618 3019 meritur.

469 3038 677 3093 Coelum
701 3042 876 3114 itaque

1491 2589 1590 2645 test
1599 2588 1784 2665 globos
1809 2592 2099 2648 Terrestres
2128 2602 2152 2648 8
2171 2608 2273 2649 602
2293 2615 2387 2663 523
2407 2609 2529 2660 649.

1493 2663 1700 2718 Deinde
1738 2665 1962 2720 deduesta
1999 2667 2208 2742 Sphaera
2255 2673 2471 2724 Veneris
2500 2668 2529 2722 a

1490 2737 1700 2813 Spbaera
1714 2742 1930 2800 Martis,
1970 2756 2149 2795 manet
2173 2741 2410 2814 Spatium
2435 2760 2529 2815 pro

1489 2810 1526 2864 S
1565 2813 1700 2866 haera
1730 2812 2042 2868 intermedia
2060 2814 2149 2869 seu
2186 2813 2338 2869 Coelo
2376 2815 2532 2885 hujus

1489 2832 1715 2943 Tzlluris
1730 2930 1744 2950 ,
1768 2907 1875 2962 quo
1884 2887 1917 2943 d
1929 2897 2203 2945 continere
2215 2887 2390 2962 potest
2401 2887 2530 2943 Glo-

1486 2959 1584 3016 bos
1597 2961 1927 3028 Terrestres4
1936 2983 1957 3028 3
1978 2974 2078 3028 669
2102 2969 2199 3028 148
2220 2984 2334 3026 770.
2359 2960 2529 3038 Qod

923 3035 1001 3091 ost
1029 3033 1274 3091 ultimum
1287 3033 1431 3102 Judi-
1489 3034 1721 3110 amplum
1734 3035 1854 3092 satis
1881 3033 2087 3092 videtur
2112 3055 2172 3091 ac
2185 3056 2244 3091 ca
2284 3032 2527 3092 axhomi-

393 3114 533 3165 cium
558 3153 571 3172 ,
620 3130 728 3166 non
755 3117 852 3167 erit
885 3056 962 3180 fin
985 3111 1139 3177 nostra
1157 3109 1432 3180 sententia)
1490 3127 1647 3171 num,
1682 3125 1945 3200 quotquot
1974 3125 2152 3166 erunt:
2187 3112 2220 3167 s
2258 3130 2327 3169 vo
2354 3111 2529 3164 Theo-

390 3184 643 3240 Creatum
656 3183 1233 3260 aliquid‚seupalatiu:n
1248 3189 1434 3259 ingens
1488 3184 1732 3258 logorum
1739 3190 1976 3255 judicio,
2009 3190 2099 3260 qui
2121 3201 2296 3241 tamen
2326 3191 2458 3239 inter
2477 3181 2530 3237 se

388 3277 455 3312 ex
494 3259 710 3312 materia
744 3256 916 3332 aliqua
952 3259 1315 3330 pulcherrim&
1338 3257 1430 3324 (Si
1489 3275 1703 3332 quoque
1740 3257 1807 3313 de
1843 3258 1937 3315 hac
1961 3261 2177 3316 materia
2199 3257 2347 3318 valde
2383 3254 2528 3313 diffe-

389 3338 533 3387 enim
548 3332 802 3388 Creatum
817 3329 1174 3406 aliquidesset,
1207 3336 1259 3386 &
1285 3334 1432 3385 Deus
1492 3346 1629 3385 runt.

1157 3490 1207 3545 C
1242 3504 1286 3545 A
1323 3505 1357 3546 P
1397 3503 1444 3545 u
1482 3501 1525 3543 T
1602 3492 1747 3546 XII.

1079 3608 1166 3669 De
1213 3610 1455 3669 Maximo
1501 3608 1560 3669 δ’
1601 3609 1832 3670 Minimo.

149 3738 356 3789 „Quantitas

241 3789 272 3837 st
286 3790 377 3825 reale

611 3732 861 3784 Uantitas
880 3723 1033 3802 perse
1045 3722 1150 3781 fine
1173 3746 1435 3805 compara-

148 3803 372 3888 Zffssespem-
608 3812 782 3863 tione,
822 3798 1031 3873 Aliquid
1063 3817 1176 3854 non
1216 3800 1311 3863 est,
1345 3800 1434 3857 sed

141 3886 243 3928 'vum
252 3894 351 3941 quid·
610 3877 787 3933 saltem
813 3886 980 3931 Creato
995 3872 1141 3927 alicui
1156 3874 1367 3930 externe
1383 3881 1434 3931 &

145 3944 238 4031 ‘22⁴'
251 3941 297 3987 ὰ
316 3946 358 3978 ι’
399 3949 680 4028 respefflve
694 3950 897 4006 accidit.
941 3947 1078 4002 Nam
1090 3951 1145 4002 in
1161 3966 1330 4003 rerum
1344 3968 1431 4004 na-

215 4024 221 4029 ’
398 4027 515 4081 tura
540 4031 816 4101 quicquam
842 4042 956 4080 non
996 4021 1094 4083 est,
1133 4019 1279 4096 quod
1314 4024 1431 4077 Ma-

397 4119 560 4175 gnum
587 4098 667 4155 vel
689 4100 935 4157 Parvum,
973 4096 1195 4170 longum
1218 4095 1299 4151 vel
1323 4096 1434 4151 bre-

403 4194 494 4234 ve,
532 4172 693 4229 altum
714 4173 794 4226 vel
809 4168 1162 4246 profundum,
1203 4167 1431 4243 amplum

399 4246 483 4304 vel
495 4245 768 4322 angustum
784 4249 880 4301 ὅτε.
895 4244 999 4302 dici
1010 4240 1187 4319 potest
1198 4284 1211 4304 ,
1247 4239 1342 4297 nisi
1356 4261 1433 4298 re-

406 4503 440 4528 ὅ·

1486 3726 1709 3856 {plefflve
1743 3727 1831 3784 seu
1869 3724 2222 3801 comparative
2269 3744 2390 3783 cum
2425 3725 2527 3781 alio

1591 3819 1680 3857 uo.

1618 3880 1762 3930 mnia
1776 3875 1902 3933 vero
1913 3884 2083 3929 creata
2094 3915 2110 3938 ‚
2137 3889 2308 3929 certos
2323 3871 2523 3947 aliquos

1483 3955 1741 4007 terminos
1767 3945 2150 4024 Magnitudinis
2161 3963 2251 4004 aut
2261 3949 2529 4002 Parvitatis

1486 4022 1701 4085 habere,
1738 4040 1798 4079 ut
1821 4027 1876 4078 in
1904 4026 2095 4077 minori
2119 4020 2202 4079 vel
2226 4024 2412 4090 majori
2426 4015 2526 4073 effe

1489 4116 1599 4153 non
1610 4096 1827 4173 poffint,
1864 4100 1995 4151 ratio
2019 4095 2123 4171 ipsa
2137 4094 2364 4156 diffltat3
2403 4091 2524 4146 Infi-

1486 4170 1596 4228 nite
1608 4176 1751 4227 enim
1775 4187 2022 4244 magnum
2045 4182 2135 4223 aut
2156 4184 2374 4243 parvum
2395 4161 2522 4226 effe,

1485 4254 1651 4320 Creato
1688 4262 1799 4301 non
1835 4246 2091 4369 compqtit
2117 4283 2130 4303 ,
2166 4238 2253 4298 sod
2291 4249 2524 4366 lucz-ciuis.

2069 4336 2092 4383 3
2428 4330 2462 4366 n
2499 4329 2529 4364 e
