3068 4718
131 2761 339 2804 ravan-xi-

132 2814 221 2854 na&
244 2816 350 2851 inve·

131 2863 262 2911 »ἑνικῇ
270 2877 323 2902 res

132 2928 229 2955 ma.

896 176 1007 229 Dr.
1064 174 1621 232 Sternunt-n
1673 178 2022 233 ΜυΝοι.

1116 330 1404 386 Capu

1446 344 1489 387 ‘r
1571 331 1747 386 XXI.

1007 468 1093 529 De
1120 465 1372 555 Dg'stanria
1397 469 1564 532 Lunae
1590 466 1623 530 ἆ
1653 464 1835 533 Tma.

575 618 787 677 lstantia
796 622 958 676 Lunae
969 619 998 673 a
1011 634 1192 675 centro
1207 618 1398 682 Terrae,
1412 683 1416 687 .

358 628 559 805 D
577 692 841 769 colligitur
862 712 927 748 ex
939 690 1215 748 altitudine
1236 694 1399 746 Lunae

579 765 866 823 meridiana
876 807 890 827 ‚
900 780 1008 821 tam
1024 768 1129 835 vifit
1142 779 1298 841 quam
1313 785 1395 819 ve-

361 842 448 903 νᾶ,
489 835 935 896 &semidiametro
948 839 1142 893 Terrae.

437 912 663 967 Altitudo
684 910 970 967 meridiana
1001 912 1103 980 Visis
1117 953 1130 973 ,
1165 907 1395 966 observa·

362 1001 450 1041 tur
475 984 696 1047 alicubi,
730 1005 811 1040 ex.
841 1005 920 1059 gr.
953 982 1171 1045 Romae,
1214 980 1399 1038 instru-

361 1074 546 1113 mento
555 1057 646 1114 seu
657 1057 834 1133 amplo
854 1056 1165 1133 Qadrante
1189 1075 1254 1112 ex
1269 1066 1399 1113 auri-

362 1132 545 1185 chalco
591 1131 892 1187 construdto
909 1174 922 1193 ‚
946 1135 998 1185 &
1022 1135 1074 1185 in
1096 1130 1283 1205 gradus
1306 1150 1372 1196 90
1388 1171 1402 1191 ,

362 1202 723 1279 graduumque
733 1210 958 1260 minutas
971 1201 1210 1259 accurare
1222 1202 1401 1267 diviso;

361 1280 493 1332 Haec
506 1294 722 1335 vocatur
733 1296 948 1354 quoque
963 1295 1220 1352 apparens
1230 1274 1403 1333 altitu-

362 1349 435 1406 do
445 1350 536 1406 seu
547 1352 673 1406 locus
685 1354 822 1421 vtfiaes
835 1354 1015 1406 Lunae.

437 1423 663 1479 Altitudo
689 1425 977 1480 meridiana
1013 1435 1127 1481 Vera
1172 1424 1313 1500 (quae
1338 1442 1404 1477 ex

365 1512 551 1553 centro
570 1499 748 1553 Terrae
768 1496 908 1574 quast
932 1496 1199 1555 observata
1224 1495 1405 1572 praesu·

367 1572 549 1642 mitur)
575 1570 835 1646 colligitur
862 1591 928 1626 ex
944 1571 1070 1625 vero
1096 1575 1260 1626 Lunae
1284 1571 1405 1624 loco

366 1648 423 1699 in
451 1644 639 1709 Coeio,
672 1657 781 1700 tam
805 1640 985 1720 quoad
1019 1641 1406 1718 longitudinem

367 1716 528 1792 quam
553 1714 918 1782 latitudinum
958 1714 1238 1790 supputato
1266 1720 1404 1770 enim

366 1806 435 1845 ex
447 1790 716 1847 lunaribus
728 1789 960 1845 motibus
969 1807 1064 1862 per
1078 1788 1273 1843 tabulas
1285 1789 1408 1841 loco

364 1863 536 1918 Luna:
543 1863 755 1938 ejusque
764 1861 1055 1924 latitudine,
1067 1879 1166 1914 nec
1175 1877 1285 1913 non
1297 1859 1406 1913 lon-

366 1935 671 2010 gitudinein
697 1933 947 2010 Ecliptica
962 1976 975 1995 ‚
998 1932 1327 2008 cognoscitur
1347 1949 1412 1986 ex

364 2023 519 2063 motu
554 2005 844 2065 latitudinis
872 2012 926 2062 ετ
945 2005 1141 2082 angulo
1172 2009 1413 2060 maximae

364 2080 659 2137 latitudinis
676 2124 692 2146 ,
707 2098 904 2158 quanta
926 2081 1117 2137 debeat
1142 2075 1243 2135 esse
1257 2084 1308 2133 in
1322 2081 1413 2133 tali

364 2158 671 2286 Eorizdonte
684 2161 735 2211 &
747 2156 839 2212 tali
855 2173 1122 2230 tempore,
1150 2158 1290 2210 Vera
1302 2158 1414 2224 ejus

418 2233 519 2285 titu
557 2247 610 2284 o.

439 2306 550 2356 Hae
569 2301 688 2357 duae
712 2301 1109 2358 observationes
1127 2298 1254 2354 dant
1281 2304 1415 2353 inter

368 2372 704 2431 altitudinem
726 2378 893 2430 Lunae
910 2373 1033 2442 vtjfae
1053 2374 1177 2443 (scil.
1204 2371 1417 2439 Romae)

375 2449 572 2502 &verae
599 2443 725 2517 (scil.
742 2466 809 2502 ex
823 2463 1007 2501 centro
1022 2444 1221 2515 Terrae)
1249 2443 1415 2500 Paral-

373 2521 517 2576 laxin
531 2519 841 2576 Altitudinis
851 2562 867 2584 ,
894 2540 1009 2596 quae
1021 2520 1098 2574 est
1109 2515 1415 2578 fundamen·

377 2609 491 2649 tum
503 2613 569 2649 ex
585 2614 694 2669 quo
718 2591 924 2684 pendet
955 2599 1191 2669 cognitio
1217 2591 1417 2647 Distan-

376 2672 462 2722 tiae
475 2670 697 2723 Lunaris
711 2685 740 2720 a
756 2667 930 2722 Terra.

450 2740 650 2797 Verum
666 2741 800 2795 hanc
813 2739 1099 2795 altitudinis
1114 2735 1414 2797 Parallaxin‚

379 2812 518 2870 recte
545 2819 782 2870 invenire
805 2816 889 2869 res
912 2812 990 2868 est
1014 2809 1239 2868 difficilis
1268 2816 1321 2866 δε
1342 2829 1420 2865 ra-

379 2906 433 2943 ra
457 2910 473 2951 3
508 2891 589 2957 (r)
618 2892 760 2942 enim
786 2886 1008 2961 angulus
1031 2885 1118 2941 hic
1139 2883 1422 2960 parallaffl-

382 2977 475 3016 cus
492 3003 506 3023 ,
548 2959 702 3017 valde
740 2959 817 3014 est
859 2975 1041 3016 acutus
1075 2958 1144 3014 ob
1179 2977 1422 3033 magnam

381 3033 546 3089 Lunae
570 3032 863 3089 distantiam
888 3076 902 3095 ‚
927 3053 1042 3109 quoe
1062 3032 1128 3090 ad
1158 3033 1333 3089 Terrae
1354 3031 1422 3087 se·

380 3106 770 3163 midiametrum
804 3112 963 3162 nimis
1012 3125 1216 3181 parvam
1266 3105 1424 3161 habet

380 3183 783 3256 proportionem
807 3220 821 3242 ,
859 3179 1002 3235 unde
1021 3181 1195 3236 saltem
1223 3182 1423 3256 aliquot

381 3259 600 3310 minutis
653 3258 810 3309 unius
845 3253 1034 3328 gradus
1065 3253 1294 3312 consistit
1314 3296 1330 3317 ,
1367 3259 1419 3309 in

380 3327 570 3418 quibus
592 3332 754 3382 etiam
779 3327 1221 3385 exercitatiffimus
1241 3370 1256 3392 ‚
1296 3325 1420 3383 saci-

376 3404 428 3458 le
454 3402 652 3478 aliquid
677 3403 867 3457 erroris
901 3402 984 3456 vel
1023 3405 1133 3458 vitii
1167 3400 1422 3477 insperato

378 3482 715 3531 committere
737 3473 940 3548 potest,
970 3473 1116 3550 quod
1131 3490 1310 3533 tamen
1330 3473 1419 3529 de-

377 3551 504 3605 inde
529 3556 584 3605 in
612 3547 818 3605 calculo
855 3567 1097 3623 magnam
1135 3547 1422 3623 discrepan-

377 3627 504 3679 tiam
528 3621 729 3687 infert;
764 3623 848 3693 (2)
875 3625 1218 3697 Decipiuntur
1250 3622 1419 3677 Astro-

378 3702 529 3752 nomi
562 3715 785 3754 nonnun
825 3715 945 3752 uam
983 3709 1198 3771 propter
1239 3695 1419 3751 instru-

378 3784 585 3832 menta,
626 3773 707 3843 (3)
747 3717 990 3826 daximc
1014 3785 1189 3828 autem
1210 3784 1422 3843 propter

376 3846 512 3899 aeris
534 3843 896 3902 alterationem
922 3888 935 3906 ,
974 3863 1068 3919 per
1091 3862 1247 3918 quam
1272 3846 1421 3898 Luna

377 3915 545 3974 modo
569 3920 721 3974 altior
748 3918 914 3976 modo
937 3917 1188 3975 humilior
1207 3959 1220 3979 ‚
1260 3915 1421 3974 modo

1450 618 1931 677 demonstrabimus.
1994 620 2075 690 (4)
2096 616 2297 674 Pendet
2324 627 2482 677 maxi·

1451 712 1596 750 mum
1609 709 1938 749 momentum
1952 692 1980 746 a
1994 693 2191 747 calculo
2206 698 2312 749 veri
2322 696 2483 749 Lunae

1451 768 1555 822 loci
1568 786 1634 822 ex
1648 767 1835 823 tabulis
1845 765 2086 828 collest0,
2100 781 2158 820 ut
2170 766 2253 821 hic
2268 785 2389 821 cum
2403 765 2482 821 lo-

1451 858 1515 894 co
1529 842 1693 895 Lunae
1704 839 1978 895 observato
1993 881 2006 900 ‚
2028 836 2200 894 debite
2210 854 2477 915 congruat.

1523 913 1668 989 Qa
1702 912 1828 970 vero
1864 909 1934 965 ob
1961 910 2053 967 has
2079 917 2131 966 &
2153 914 2277 968 alias
2299 913 2490 975 causas,

2513 940 2611 977 Varia
2622 938 2668 977 ab
2682 947 2726 977 A*

1451 984 1757 1041 Astronomi
1810 990 1973 1040 varias
2018 986 2271 1059 colligunt
2319 987 2681 1050 Paul-armas

1449 1057 1618 1121 laxes,
1642 1060 1752 1113 imo
1765 1058 1876 1131 :146
1891 1063 2013 1113 min.
2030 1057 2190 1134 usque
2205 1058 2272 1114 ad
2283 1048 2349 1116 66¹
2361 1064 2486 1117 min.

1451 1136 1503 1186 &
1528 1131 1753 1206 proinde
1776 1134 1978 1188 Lunam
2003 1150 2111 1186 non
2135 1131 2340 1206 semper
2361 1132 2490 1204 ejus-

1452 1203 1574 1260 dem
1600 1204 1853 1261 distantiae
1873 1223 1932 1259 ac
1960 1204 2328 1280 magnitudinis
2347 1247 2363 1269 ,
2401 1203 2491 1260 sed

1453 1277 1663 1335 diversis
1683 1277 2037 1352 temporibus,
2074 1277 2215 1335 illam
2240 1298 2381 1336 nunc
2411 1297 2491 1336 re-

1454 1358 1739 1408 motiorem
1790 1370 1928 1407 nunc
1975 1357 2284 1425 propiorem
2347 1358 2492 1408 inve-

1454 1430 1605 1482 niunt
1630 1450 1646 1489 ς
1676 1430 1859 1501 Itaque
1885 1431 2021 1480 inter
2043 1428 2175 1482 alios
2212 1441 2387 1481 motus
2418 1426 2493 1479 di-

1457 1501 1660 1561 versos,
1692 1518 1829 1574 quos
1865 1502 2026 1553 Lunae
2059 1497 2344 1554 attribuunt
2372 1542 2386 1564 ,
2419 1500 2495 1554 illi

1493 1590 1670 1648 uoque
1686 1586 1905 1627 ‘motum
1930 1570 2322 1626 inaltitudinem
2337 1615 2352 1637 ‚
2386 1591 2494 1648 quo

1457 1593 1548 1700 ξεῖ
1557 1644 1720 1699 modo
1737 1645 1884 1699 altior
1897 1644 2062 1699 modo
2086 1643 2356 1708 humilior,
2380 1662 2494 1700 turn

1459 1733 1676 1792 propter
1710 1722 2187 1777 Eccentricitatem,
2224 1734 2337 1772 tum
2375 1737 2496 1791 pro·

1459 1805 1577 1862 pter
1599 1791 1908 1861 Epicyclum
1931 1829 1944 1848 ‚
1968 1805 2056 1842 aut
2081 1793 2389 1845 Eccentrum
2414 1808 2496 1843 ec-

1461 1865 1672 1915 centrici
1697 1903 1711 1922 ,
1765 1876 1854 1915 aut
1898 1865 2259 1916 Eccentricum
2307 1861 2498 1937 fimpli·

1462 1951 1578 1990 cem
1620 1932 1906 2008 'ellipticum
1934 1974 1948 1995 ,
1979 1931 2310 2000 adscribunt3
2345 1957 2404 1992 ac
2428 1935 2498 1991 di-

1464 2023 1591 2063 cunt
1613 2048 1628 2070 ,
1668 2026 1735 2064 ex
1773 2005 1986 2064 diversis
2022 2007 2226 2065 diverso
2255 2024 2500 2084 tempore

1465 2087 1694 2139 inventis
1712 2080 2059 2138 Parallaxibus
2068 2080 2376 2142 Altitudinis
2395 2087 2501 2139 Lu-

1464 2174 1547 2210 nae
1580 2153 1915 2211 manifestum
1951 2154 2053 2210 eise
2089 2158 2293 2212 Lunam
2319 2156 2349 2211 a
2383 2176 2503 2212 cen·

1463 2245 1548 2284 tro
1569 2230 1747 2285 Terrae
1763 2271 1777 2291 ,
1813 2227 1938 2286 alias
1948 2231 2095 2285 aliter
2110 2229 2294 2286 distare
2308 2271 2323 2292 ,
2344 2231 2504 2307 idque

1466 2300 1799 2375 fimulcolligi
1813 2322 1880 2358 ex
1890 2318 2168 2378 apparente
2183 2310 2296 2374 ejus
2312 2303 2502 2360 diame-

1467 2390 1551 2431 tro
1566 2395 1706 2430 nunc
1722 2382 1916 2443 majore
1931 2381 1982 2430 &
1995 2382 2216 2431 minore.

1537 2449 1721 2576 {gam
1769 2447 2123 2504 diversltatem-
2160 2449 2414 2505 distantiae
2449 2454 2501 2504 &

1465 2526 1557 2597 qui
1600 2537 1689 2576 em
1736 2525 2029 2577 Maximam
2089 2539 2340 2579 vocarunt
2385 2534 2496 2601 Apo-

1462 2614 1619 2669 gaeum
1629 2635 1645 2656 ,
1679 2598 1966 2650 Minimam
1979 2595 2104 2650 vero
2116 2602 2402 2672 Perigaeum.

1541 2668 1627 2722 Sic
1639 2670 1922 2722 Ptolemaeus
1936 2672 1986 2722 &
1998 2667 2115 2740 post
2131 2687 2252 2723 eum
2277 2668 2504 2746 Albateg-

1468 2746 1578 2795 nius
1589 2760 1650 2795 ac
1664 2743 2172 2817 Alft·aganus,Lunam
2182 2748 2236 2797 in
2249 2747 2509 2820 Apogaeo.

1471 2813 1526 2869 id
1540 2814 1616 2869 est
1631 2820 1860 2870 maxima
1886 2812 2126 2870 distantia
2149 2815 2179 2870 a
2204 2814 2506 2872 Terracon-

1473 2886 1749 2944 stituerunt
1765 2931 1778 2950 ,
1818 2886 2031 2963 quando
2053 2887 2197 2943 estin
2212 2888 2505 2964 plenilunio

1473 2966 1524 3016 &
1534 2959 1813 3017 novilunio
1832 2986 1846 3025 ;
1881 2965 1940 3016 In
1952 2963 2182 3037 Perigaeo
2194 2978 2384 3025 autem,
2399 2961 2505 3019 hoc

1473 3033 1591 3098 est,
1612 3041 1832 3091 minima
1847 3033 2083 3092 distantia
2097 3079 2110 3099 ,
2135 3037 2345 3112 quando
2359 3037 2432 3091 est
2448 3043 2503 3092 in

1471 3107 1813 3184 quadraturis,

1545 3183 1679 3237 Alii.
1726 3188 2008 3240 maximam
2033 3186 2084 3239 δε
2105 3189 2375 3240 minimam
2399 3186 2504 3239 Lu·

1474 3275 1556 3312 nae
1602 3254 1896 3320 distantiam
1910 3298 1924 3319 ,
1957 3256 2240 3330 posuerunt
2251 3263 2305 3312 in
2354 3261 2506 3312 novi-

1474 3328 1827 3403 &plenilunio
1840 3373 1853 3393 ,
1879 3329 2199 3388 mediocrem
2219 3338 2273 3386 in
2287 3332 2506 3406 quadra·

1472 3408 1629 3466 turis,
1665 3419 1724 3460 ut
1738 3406 1992 3481 Keplerus‚
2017 3402 2505 3480 quanquampostea

1472 3475 1696 3553 aequales
1708 3475 1890 3533 fecerit
1901 3493 2135 3552 uterque.

1544 3552 1653 3606 Alii
1681 3569 1816 3607 max.
1844 3556 1897 3606 &
1919 3556 2041 3606 min.
2074 3556 2129 3606 in
2146 3548 2503 3628 quadraturis,

1454 3622 1704 3680 mediam
1724 3631 1779 3681 in
1804 3630 2006 3681 novi&
2015 3623 2307 3699 plenilunio
2320 3624 2505 3680 statue-

1473 3714 1617 3762 runt;
1646 3704 1990 3775 utcopernicus
2003 3739 2017 3760 ,
2049 3706 2284 3774 Maginus
2297 3740 2311 3761 ,
2337 3701 2504 3772 chho,

1474 3782 1899 3847 Longomontanus,
1935 3783 2051 3827 Laus
2059 3769 2252 3850 bergius
2268 3814 2282 3834 ,
2300 3772 2504 3825 Bullia!-

1474 3842 1567 3899 dus
1589 3886 1603 3907 ‚
1653 3847 1887 3902 Ricciolus
1922 3850 2014 3900 &c-
2083 3843 2283 3904 Diversi
2329 3850 2505 3918 itaque

1474 3917 1779 3975 Astronomi
1793 3962 1806 3982 ,
1847 3917 2065 3977 diversas
2077 3924 2393 3974 invenerunt
2403 3920 2505 3971 Lu-

376 3998 543 4059 major
580 3992 665 4047 vel
701 3999 873 4049 minor
913 3994 942 4049 a
978 3990 1137 4048 nobis
1180 3988 1380 4047 videtur
1404 4029 1417 4053 ,
1474 4011 1554 4047 nae
1568 3990 1863 4057 distantiam
1899 3998 2268 4049 utiexannexa
2290 3989 2506 4047 'sabella

377 4067 536 4142 quam
574 4080 753 4125 revera
789 4066 862 4126 est
889 4110 903 4131 ,
944 4071 1021 4127 uti
1046 4064 1128 4120 lib.
1155 4082 1198 4128 5.
1228 4081 1326 4139 cap.
1346 4086 1422 4121 10.
1476 4064 1779 4125 videndum.

1884 4250 1936 4303 D
1978 4271 2000 4317 3
2371 4260 2511 4303 Lunae

2511 1047 2712 1078 menium„
2719 1054 2736 1074 r

2514 1092 2711 1131 Paullum,
2717 1120 2723 1127 .

2521 2469 2631 2521 ‚Quid
2650 2476 2745 2521 Apo-

2518 2535 2625 2571 gaeum
2641 2522 2685 2567 ό-

2522 2575 2710 2622 strigam.
